3092 4959
246 378 289 440 22
600 376 626 429 S.
655 372 792 428 Aureli
820 374 1035 442 Augustini

247 568 389 632 mortalis
414 571 472 643 est,
497 587 554 633 nee
578 566 735 645 diuturna,
761 567 925 651 quietata
952 567 1058 633 breuis
1087 572 1146 645 esi,
1170 588 1228 633 nea
1256 570 1295 635 de
1321 570 1393 654 ipse

247 674 337 739 breui
362 675 464 756 spatio
489 676 539 738 sui
559 693 680 754 secura,
701 676 776 757 quia
800 695 925 757 semper
947 676 1066 739 ineerta
1084 678 1142 753 est,
1163 696 1273 740 uemm
1298 676 1392 741 etiam

248 781 332 863 quod
356 780 525 865 aliquando
550 800 618 845 eam
644 766 931 859 dolore'firrieruna
951 801 1044 863 quam
1069 781 1263 862 saisirem,
1289 783 1393 848 delere

246 888 426 953 uoluerunt.

203 992 224 1055 3
292 995 398 1059 Habet
415 996 510 1059 eiiam
529 996 589 1060 hoe
608 1013 758 1078 magnum
779 996 898 1061 malum
918 1014 954 1059 ac
974 997 1175 1061 uehementer
1188 996 1392 1061 execrandum
1427 1019 1442 1058 a

250 1104 281 1165 ei
313 1100 503 1166 horrendum
535 1101 654 1165 nimius
687 1120 775 1166 amor
806 1101 892 1164 uitae
925 1100 1030 1179 istius¹
1065 1102 1149 1183 quod
1181 1101 1286 1177 multi,
1318 1100 1392 1165 dum

249 1208 363 1273 uolunt
389 1208 484 1289 paulo
514 1207 634 1273 diutius
663 1208 783 1285 uiuere,
807 1208 947 1292 grauiter
974 1208 1137 1274 offendunt
1162 1207 1267 1286 deum,
1292 1208 1393 1290 apud

250 1333 342 1397 quem
372 1318 435 1380 esi
462 1315 552 1380 fons
580 1315 702 1394 uitae,
731 1318 826 1396 atqua
854 1314 909 1393 ita,
938 1315 1014 1379 dum
1042 1316 1080 1379 ab
1110 1315 1156 1380 eis
1184 1315 1311 1389 frustra,
1340 1314 1392 1396 qui

249 1422 426 1487 necessario
450 1422 577 1487 iuturus
602 1425 652 1486 esi
673 1422 759 1486 uitae
783 1421 866 1497 finis,
886 1422 1049 1496 metuitur,
1068 1421 1156 1486 illine
1179 1421 1393 1504 prohibentur,

250 1528 305 1593 ubi
328 1528 396 1593 sine
419 1528 481 1593 fine
505 1530 635 1593 uiuitur.
659 1529 722 1593 hue
745 1528 877 1606 aceedit,
901 1529 977 1611 quia
999 1529 1068 1592 uita
1096 1530 1219 1610 misera,
1244 1527 1339 1591 etiam
1366 1526 1443 1596 sim

250 1639 360 1719 posset
383 1655 452 1701 esse
475 1639 638 1719 perpetua,
663 1636 750 1699 nulle
780 1635 873 1700 modo
901 1636 1012 1699 beatae
1041 1635 1126 1700 uitae
1153 1635 1250 1699 etiam
1277 1634 1394 1698 breuis-

251 1742 350 1807 simae
366 1742 576 1825 comparanda
594 1747 652 1808 est.
673 1747 706 1806 et
724 1747 828 1807 tamen
847 1743 902 1807 isti
922 1741 1054 1807 amando
1074 1742 1283 1807 miserrimam
1302 1743 1394 1821 atque

250 1848 471 1913 breuissimam
492 1848 629 1932 perdunt
647 1849 867 1914 beatissimam
886 1868 922 1913 aa
941 1849 1176 1932 sempiternam,
1195 1867 1269 1913 eum
1286 1847 1318 1910 in
1336 1847 1395 1909 hac

250 1955 331 2037 ipsa,
354 1976 448 2038 quam
473 1956 554 2021 male
578 1956 725 2041 diligunt,
749 1958 810 2022 hee
833 1956 943 2021 uelint.
968 1956 1052 2038 quod
1075 1956 1106 2019 in
1131 1956 1229 2020 altera
1250 1953 1394 2037 perdunt,

252 2063 326 2144 quia
353 2063 463 2146 utique
490 2064 522 2127 in
549 2065 613 2128 isia
645 2082 701 2127 nee
733 2064 895 2128 miseriam
928 2062 1076 2148 diliguni,
1104 2083 1176 2127 nam
1208 2063 1295 2127 beati
1327 2080 1394 2125 esse
1418 2089 1444 2129 ιθ

252 2172 375 2249 uolunt,
399 2189 455 2235 nee
478 2170 679 2245 breuitatem,
703 2189 775 2235 nam
804 2190 871 2233 eam
901 2170 989 2234 finire
1015 2171 1142 2246 nolunt;
1171 2172 1295 2234 tantum
1324 2166 1396 2250 quia

253 2279 319 2341 uita
343 2280 402 2353 est,
427 2276 473 2341 sie
497 2282 629 2351 amatur,
653 2281 690 2341 ut
713 2296 808 2360 saepe
832 2280 960 2361 propter
990 2295 1059 2339 eam
1087 2276 1163 2341 lieet
1189 2277 1338 2340 miseram
1365 2278 1395 2338 et

252 2384 381 2447 breuem
404 2384 498 2447 beata
521 2387 553 2446 et
576 2384 767 2465 sempiterna
791 2384 966 2447 amittatur.

208 2486 228 2549 4
297 2490 356 2555 His
381 2490 586 2554 consideratis
611 2490 687 2571 quid
710 2509 862 2574 magnum
886 2491 954 2554 uita
977 2494 1104 2554 aeterna
1123 2490 1230 2553 iubeat
1253 2486 1396 2552 amatori·

254 2596 313 2660 bus
337 2597 415 2673 suis,
437 2615 509 2661 eum
528 2614 562 2660 se
585 2596 676 2660 iubet
699 2596 745 2660 sie
769 2597 877 2675 amari,
898 2616 992 2679 quem
1012 2596 1198 2661 admodum
1222 2596 1297 2659 haee
1316 2612 1396 2657 ama·
1417 2623 1446 2663 aa

254 2704 306 2765 tur
330 2721 347 2764 a
372 2700 460 2766 suis?
486 2722 523 2766 an
548 2722 622 2765 uero
648 2700 781 2785 dignum
805 2705 855 2765 esi
882 2702 934 2766 uel
963 2700 1136 2779 ferendum,
1161 2720 1233 2765 cum
1263 2704 1397 2765 contem-

345 2981 359 3033 7
378 2980 423 3033 Ps.
442 2981 485 3044 35,
507 2982 539 3034 10

292 3124 303 3176 l
327 3123 422 3177 diuma
441 3123 461 3176 I
495 3124 510 3176 2
531 3124 633 3194 s.pati0
652 3123 682 3177 E
699 3122 797 3191 spatia,
816 3140 850 3176 m.
869 3126 885 3175 1
904 3138 973 3175 corr.
993 3122 1082 3191 spatio
1101 3120 1138 3174 M
1189 3120 1231 3173 sui
1250 3136 1302 3173 om.
1316 3118 1400 3173 HPE

290 3213 365 3282 quia]
386 3229 454 3282 quae
474 3212 561 3266 ΗΡΕ
612 3212 739 3267 3dolere
759 3211 794 3265 Μ
866 3211 1130 3281 quam—uoluerunt
1147 3226 1197 3264 om.
1217 3210 1280 3263 MA
1351 3205 1398 3261 ‹10-

256 3302 379 3357 1.(θτθΡι
399 3302 490 3355 delore
510 3301 559 3355 EI
610 3302 714 3365 (iuius,
734 3318 768 3355 m.
788 3304 809 3354 2
826 3300 926 3353 nimius
944 3300 981 3353 P¹
1049 3300 1129 3352 istius
1148 3299 1222 3351 uitae
1237 3297 1264 3351 P
1327 3296 1399 3349 uitae

256 3394 298 3455 (ae
319 3408 352 3445 ex
370 3407 438 3445 corr.
458 3408 491 3443 m.
511 3395 533 3457 1,
552 3390 639 3457 fuisse
657 3388 714 3443 aid.
736 3394 773 3453 et)
795 3388 822 3441 A
876 3389 945 3442 8ab
965 3405 1016 3443 om.
1035 3386 1074 3441 P¹
1128 3386 1221 3440 9illic
1239 3384 1302 3439 PP¹
1322 3387 1400 3450 (ml

256 3496 325 3533 corr.
344 3479 431 3545 illinc)
450 3480 476 3532 A
567 3479 600 3532 10
620 3476 725 3532 aceedit
743 3481 769 3546 (θ
788 3493 843 3534 ras.
863 3478 1006 3543 incertam)
1026 3475 1054 3529 P
1069 3475 1170 3530 accidit
1187 3474 1218 3529 E
1296 3473 1400 3543 quiesi

255 3570 314 3622 uita
332 3569 419 3622 ΗΡΕ
488 3567 663 3621 miserauita
681 3567 718 3621 M
789 3568 811 3620 si
830 3583 881 3621 om.
901 3566 931 3619 Ε
1002 3568 1032 3621 11
1054 3566 1143 3634 possit
1159 3564 1222 3618 MA
1294 3579 1352 3616 esse
1371 3562 1401 3615 in

254 3673 310 3713 rae.
330 3674 363 3710 m.
384 3660 404 3710 2
422 3656 459 3709 Ρ1
478 3660 506 3709 ei
524 3660 597 3710 esset
615 3656 701 3709 ΗΡΕ
825 3656 900 3709 nulio
920 3654 1000 3709 mede
1020 3656 1103 3708 etiam
1121 3654 1218 3707 beatae
1239 3652 1362 3705 uitaeiia'e
1375 3652 1399 3702 ii

257 3748 359 3814 (saitae
377 3746 459 3799 eiiam
478 3744 610 3811 beataeP)
630 3747 712 3799 etiam
732 3745 759 3799 P
832 3746 864 3798 12
885 3749 957 3798 esset
976 3744 1063 3798 HPE
1134 3745 1167 3796 15
1185 3744 1214 3796 in
1233 3743 1288 3795 ists
1306 3758 1356 3795 om.
1375 3739 1403 3793 P

291 3836 319 3889 in
339 3836 436 3888 istam
457 3850 505 3887 nec
525 3838 561 3893 (m
583 3834 633 3889 del.
653 3851 687 3886 m.
707 3840 738 3887 at
758 3832 815 3886 uid.
835 3838 859 3900 1)
879 3832 911 3886 H
980 3830 1152 3885 miseramE
1206 3830 1238 3884 16
1257 3829 1327 3883 finiri
1341 3826 1401 3882 edd.

292 3925 388 3977 uolunt
407 3923 494 3977 PMA
570 3924 602 3976 18
620 3924 715 3976 beata·
731 3926 767 3990 (m
787 3924 869 3988 erae.)
889 3921 926 3974 P¹
999 3921 1142 3974 amittatur
1160 3922 1243 3988 (poet.
1264 3920 1327 3971 aia
1345 3933 1401 3971 rae.

257 4030 290 4069 m.
312 4016 340 4079 2)
360 4013 393 4066 H
488 4014 519 4065 19
540 4011 604 4081 quid
624 4029 751 4082 magnum
772 4012 837 4080 quid
856 4028 993 4080 magnum,
1012 4026 1048 4065 m.
1067 4014 1087 4064 2
1106 4008 1171 4077 quid
1191 4024 1317 4076 inagnum
1337 4004 1401 4074 quid

257 4101 424 4173 impossibile
444 4102 477 4155 H
494 4100 558 4170 quid
578 4118 705 4170 magnum
726 4101 791 4169 quid
810 4099 978 4171 impossibile
998 4098 1054 4152 PE
1132 4098 1226 4151 iubeat
1244 4098 1271 4167 (a
1290 4096 1353 4161 del.)
1371 4094 1403 4147 H

257 4192 333 4244 iubet
353 4190 689 4257 PP¹Eee‹z.1»·aerera
743 4188 778 4243 20
797 4190 829 4253 si,
848 4205 882 4242 m.
903 4192 923 4241 2
941 4189 1019 4242 sieI
1088 4186 1210 4241 haec-O
1281 4188 1402 4239 amatura

256 4281 294 4334 M
310 4284 390 4349 (corr.
410 4282 552 4347 amatura)
571 4284 596 4333 A
618 4286 662 4344 (m.
683 4282 702 4333 2
720 4282 827 4333 amatur
846 4281 872 4345 a)
