3092 4959
526 330 793 400 epistularum
823 328 940 385 CLXIV.
1248 332 1313 395 529

156 528 282 611 legatur
307 525 453 591 Christus
483 524 775 609 ‘primogenitus
800 543 818 587 a
841 523 1024 602 mortuis',
1053 525 1081 587 ei
1106 542 1177 587 eum
1201 523 1234 587 in
1257 523 1313 587 illa

155 632 386 697 resurrectione
405 635 455 697 tot
472 633 723 715 praecesserunt.
744 630 829 713 quod
844 630 873 694 si
886 630 1096 712 respondetur
1109 632 1169 695 hoo
1191 630 1312 695 dictum

156 759 226 806 esse
258 759 314 821 per
346 739 615 822 anticipationem,
652 741 688 801 ut
720 740 928 802 monumenta
961 738 1089 820 quidem
1122 738 1178 803 illo
1209 740 1312 803 terrae

154 848 246 911 motu
273 848 382 928 aperte
412 845 651 931 intellegantur,
685 864 759 909 oum
790 843 936 909 Christus
964 844 995 909 in
1025 864 1118 911 cruce
1150 844 1311 927 penderet,

121 952 363 1018 sresurrexisse
391 955 498 1017 autem
526 952 685 1017 iustorum
714 970 847 1034 corpora
868 970 929 1016 non
957 955 1045 1028 tuno,
1076 951 1132 1017 sed
1160 970 1233 1017 cum
1256 950 1311 1014 ille

154 1060 242 1141 prior
262 1060 499 1137 resurrexisset,
524 1058 672 1141 quamuis
695 1062 782 1134 tunc,
812 1061 849 1122 nt
873 1058 946 1135 diri,
971 1055 1172 1140 anticipando
1196 1056 1313 1119 fuisset

154 1164 352 1243 adiunctum,
385 1168 422 1229 ut
456 1167 488 1228 et
517 1164 663 1231 Christus
695 1164 974 1248 primogenitus
1004 1183 1022 1227 a
1048 1162 1219 1243 mortuis
1244 1161 1311 1225 sine

154 1271 365 1355 ambiguitate
399 1272 545 1336 credatur
573 1275 606 1335 et
632 1271 697 1335 illis
730 1271 826 1336 iustis
860 1271 1008 1336 continuo
1043 1288 1242 1347 conoessum,
1275 1272 1312 1332 ut

153 1375 224 1459 ipso
244 1381 414 1458 praeeunte
428 1377 460 1441 in
476 1381 633 1442 aeternam
654 1376 923 1459 incorruptionem
939 1380 1034 1459 atque
1049 1375 1311 1443 inmortalitatem

107 1512 134 1550 ro
153 1486 367 1568 resurgerent,
399 1484 479 1549 illud
509 1484 612 1548 adhuc
646 1486 755 1559 restet,
790 1483 874 1567 qnod
907 1487 1045 1557 moueat,
1080 1502 1142 1565 quo
1175 1481 1312 1547 modos

153 1589 250 1653 Petro
284 1589 348 1654 dici
381 1591 523 1673 potuerit
553 1628 598 1637 —
630 1591 716 1672 quod
748 1590 861 1672 ntique
894 1589 1062 1653 uerissime
1096 1588 1217 1652 dictum
1252 1591 1311 1664 est,

155 1696 280 1777 quaudo
301 1696 462 1781 perillam
483 1696 683 1780 prophetiam
704 1714 765 1759 non
787 1695 892 1759 Dauid
912 1695 967 1760 sed
988 1693 1150 1759 Christum
1170 1694 1312 1759 adseruit

152 1802 255 1867 fuisse
279 1804 478 1885 praedictum
505 1840 550 1850 —
578 1822 703 1867 oannem
732 1804 802 1867 eius
831 1821 891 1865 non
917 1800 1038 1867 uidisse
1063 1802 1310 1884 corruptionem.

153 1908 240 1989 quod
268 1909 410 1974 adiunxit
439 1910 477 1974 de
505 1910 611 1975 Dauid
648 1909 731 1991 apud
765 1928 820 1973 eos
854 1926 924 1973 esse
959 1911 1200 1973 monumentum
1230 1908 1309 1973 eius.

105 2046 132 2082 rs
152 2016 237 2081 unde
261 2017 335 2082 illos
358 2017 470 2100 utique
494 2036 556 2081 non
581 2016 801 2092 conuinoehet,
826 2017 853 2079 si
873 2034 989 2097 corpus
1009 2016 1077 2079 eius
1097 2014 1141 2078 ibi
1160 2014 1223 2080 iam
1248 2036 1308 2081 non

153 2127 230 2201 erat,
261 2123 344 2205 quie,
374 2124 402 2187 si
431 2125 558 2186 stante
582 2122 614 2185 in
638 2121 759 2185 receuti
788 2140 846 2185 sua
873 2125 975 2185 morte
1002 2121 1226 2185 resurrexisset
1253 2141 1310 2187 neo

152 2250 224 2296 cero
258 2229 327 2294 eius
360 2228 498 2293 uidisset
529 2229 777 2311 corruptionem,
814 2231 925 2309 posset
956 2228 1056 2292 nihilo
1090 2227 1195 2292 miuus
1227 2229 1309 2293 illud

150 2340 395 2402 monumentum
423 2354 559 2399 manere.
594 2335 708 2399 durum
741 2337 849 2399 antem
878 2334 1016 2410 uidetur,
1050 2336 1087 2397 ut
1114 2333 1220 2397 Dauid
1247 2355 1307 2399 non

150 2444 298 2509 fueritin
319 2444 375 2507 illa
399 2443 632 2508 resurrectione
655 2442 826 2517 iustorum,
852 2442 878 2505 si
899 2442 945 2505 eis
964 2442 1028 2505 iam
1048 2443 1175 2505 aeterne
1194 2440 1310 2506 donata

99 2578 131 2619 so
151 2557 211 2627 est,
241 2552 334 2615 cuius
363 2550 510 2615 Christus
539 2550 720 2614 exsemine
748 2554 815 2612 tem
844 2549 951 2613 crebro
977 2551 1009 2611 et
1032 2550 1121 2611 tanta
1149 2547 1309 2611 euidentia

149 2661 303 2740 tantaque
322 2657 562 2722 honorificentia
581 2655 829 2720 commendatur.
852 2654 1084 2739 periclitabitur
1103 2655 1198 2717 etiam
1217 2654 1307 2729 illud,

151 2764 237 2847 qnod
261 2765 300 2829 ad
323 2763 486 2828 Hebraeos
511 2761 548 2826 de
579 2762 674 2826 iustis
704 2762 843 2843 antiquis
872 2761 999 2839 dicitnr,
1029 2760 1103 2843 quia
1132 2779 1186 2842 pro
1216 2760 1307 2825 nohis

148 2872 282 2935 meliora
325 2870 541 2954 prouiderunt.
584 2888 626 2932 ne
671 2870 750 2934 sine
792 2868 902 2933 nobis
946 2867 1108 2951 perfecti
1150 2867 1306 2949 perlice-

201 3060 629 3130 v1001.r.1e;up‹›0.r„··›
696 3059 728 3112 ro
748 3058 808 3112 rer.
828 3059 854 3120 s,
874 3058 921 3122 27;
942 3058 989 3121 aa
1012 3057 1053 3125 13,
1073 3058 1108 3110 35
1168 3056 1305 3112 senen.

152 3152 195 3217 11,
214 3151 250 3204 ro
582 3157 587 3163 ·

188 3257 201 3310 l
221 3258 250 3310 in
269 3256 346 3310 illem
365 3256 588 3309 resurrectionem
609 3254 727 3308 MFAP
826 3257 841 3308 5
861 3254 1180 3307 autem—resurrexisset
1199 3268 1250 3305 om.
1270 3252 1306 3305 M

147 3346 166 3397 7
187 3346 214 3413 a]
235 3360 267 3397 ac
289 3344 315 3397 G
388 3345 446 3397 sine
466 3344 523 3396 ulla
542 3342 725 3411 ambiguitate
744 3342 777 3396 K
844 3342 859 3395 9
879 3342 950 3410 ipso]
972 3344 1000 3395 et
1019 3341 1078 3411 ipso
1098 3340 1131 3393 K
1147 3340 1214 3410 ipse,
1233 3356 1266 3395 aa.
1288 3344 1307 3393 2

147 3434 209 3503 ipso
231 3432 259 3487 G
348 3433 376 3485 in
397 3436 508 3485 aeterna
526 3432 730 3499 incorruptione
750 3436 833 3500 atque
852 3430 1051 3484 inmortalitate
1070 3429 1103 3482 K
1118 3430 1146 3482 in
1168 3433 1304 3481 aeternam

146 3521 352 3591 incorruptione
372 3521 464 3589 utiliq;
486 3520 514 3571 in
532 3520 732 3574 inmortalitate
751 3519 779 3571 1¹
834 3520 867 3572 10
885 3517 964 3587 illud]
985 3520 1012 3571 iu
1032 3534 1085 3587 quo
1105 3516 1133 3570 P
1184 3518 1305 3585 moneat]

142 3627 257 3666 mouere
276 3612 369 3679 potest
387 3608 420 3661 K
474 3610 506 3662 12
527 3609 635 3677 quando
646 3648 761 3663 .......
773 3606 895 3661 adseruit
913 3608 997 3660 luisse
1017 3606 1197 3675 praedictum]
1218 3622 1304 3675 quan-

147 3698 184 3753 do
202 3697 318 3768 probare
337 3698 450 3751 uolebat
460 3737 576 3752 .......
587 3696 671 3750 fuisse
691 3694 860 3766 praedictum
878 3694 901 3749 C
972 3712 1025 3747 non
1046 3694 1079 3747 de
1098 3692 1189 3747 Dauid
1209 3692 1257 3747 ssd
1272 3692 1305 3745 de

147 3786 382 3843 ChristoPedd.
457 3773 589 3839 esser—tri
654 3785 687 3838 13
707 3791 787 3845 carm,
808 3800 877 3838 corr.
898 3784 1006 3837 carhA
1077 3784 1109 3836 14
1129 3781 1211 3850 qnod]
1234 3780 1305 3849 quod

142 3879 179 3932 et
195 3875 224 3929 P
242 3892 261 3927 a
280 3877 309 3928 et
328 3872 400 3943 quod
420 3879 480 3927 cett.
500 3873 560 3927 edd.
648 3872 777 3941 adiungit
795 3870 828 3924 K
917 3871 949 3925 15
969 3872 1062 3939 itaque
1081 3870 1108 3923 P
1192 3870 1231 3922 ibi
1251 3870 1303 3922 iam

145 3964 213 4034 non]
232 3964 286 4017 iarn
306 3980 360 4017 non
380 3965 445 4029 (non
464 3962 547 4031 eras.)
566 3961 606 4016 ibi
624 3978 678 4014 non
698 3960 731 4013 K
766 3963 800 4015 16
819 3961 937 4030 quiesi]
957 3962 1035 4029 quasi
1057 3959 1084 4014 G
1121 3958 1153 4012 17
1174 3957 1305 4027 possitG

184 4052 271 4106 nichil
289 4051 407 4105 hominis
426 4050 459 4104 K
545 4051 633 4117 illurn,
651 4067 685 4103 m.
706 4053 726 4103 2
744 4049 814 4103 illud
835 4049 861 4104 G
949 4049 986 4102 ’18
1006 4047 1147 4102 antemio
1161 4048 1223 4117 fiae
1236 4063 1304 4115 pap.

144 4158 200 4197 om.
221 4142 248 4194 P
341 4141 372 4194 19
392 4141 589 4193 resurreetione
609 4143 653 4208 (u
673 4142 755 4206 erae.)
775 4138 802 4191 A
875 4136 1063 4191 dominataG
1150 4135 1186 4187 20
1206 4135 1247 4203 er]
1269 4144 1304 4193 et,

144 4248 182 4286 m.
203 4235 219 4283 1
237 4246 307 4284 corr.
328 4246 359 4282 ex
378 4230 408 4283 F
478 4228 612 4281 emineO
674 4228 707 4281 21
728 4228 935 4297 periclitabatur
955 4229 981 4279 A
1050 4228 1085 4281 23
1104 4226 1252 4296 puiderunt
1271 4224 1308 4276 M

179 4355 310 4396 XXXXllll
325 4355 383 4403 Aug.
399 4360 452 4394 seat.
470 4354 492 4392 ll
506 4364 560 4402 pers
574 4356 594 4394 8.
1233 4331 1268 4383 34
