3092 4959
515 362 779 432 epistularum
809 362 884 418 CXL.
1211 367 1273 430 189

125 559 204 623 eius.
227 558 444 623 consideratus
469 563 518 624 est
541 563 646 624 autem
671 563 765 642 etque
790 563 991 641 conspectus,
1016 559 1093 641 qnid
1119 559 1168 623 illi
1190 560 1276 624 futu·

125 684 196 728 rum
221 668 308 730 esset
326 669 359 729 et
381 671 486 730 utrum
511 667 633 731 ueniret
657 666 766 731 Helias
791 671 824 731 et
845 665 993 730 liberaret
1016 684 1100 730 eum.

45 766 83 829 40
172 771 239 836 Iem
280 771 372 847 illud,
409 771 493 855 quod
536 772 689 854 seqnitur,
727 772 848 837 nullius
890 771 1097 853 expositionis
1138 771 1276 854 indiget:

127 878 377 943 Diuiserunt
404 878 485 942 sibi
514 879 766 944 uestimenta
794 897 878 942 mea
906 884 944 942 et
971 897 1093 961 snper
1121 882 1275 943 uestem

97 1002 252 1048 smeem
276 983 475 1048 miserunt
499 987 660 1049 sortem.
684 983 783 1048 uerba
807 983 928 1059 deinde,
953 1002 1032 1064 qnae
1057 983 1277 1058 subtexuntur,

128 1089 249 1154 orantis
274 1093 349 1154 sunt
370 1093 436 1153 tam
457 1109 492 1153 er
512 1108 644 1172 persone
663 1090 789 1172 ospitis,
808 1089 842 1153 id
860 1094 911 1154 est
927 1089 1064 1154 hominis
1084 1089 1279 1164 mediatoris,

129 1215 225 1278 quem
250 1215 286 1259 ex
309 1215 441 1278 persona
460 1197 610 1278 eorporis,
634 1197 717 1280 quod
738 1200 789 1260 est
807 1195 952 1273 ecelesia,
973 1215 1067 1279 oriem
1087 1196 1165 1260 dioit
1183 1196 1279 1260 etiem

129 1303 256 1367 enicem
294 1321 392 1366 snam.
439 1307 480 1367 tn
525 1307 669 1382 antem,
715 1303 883 1378 domine,
916 1303 1032 1384 inquit,
1076 1321 1122 1366 ne
1160 1303 1280 1385 longe

129 1409 284 1474 feceris
318 1408 516 1472 auxilium
549 1413 671 1474 tuum.
706 1411 766 1474 hoe
800 1409 840 1472 ad
873 1410 943 1473 eins
976 1427 1101 1474 earnem
1135 1409 1282 1493 pertinet,

86 1541 111 1581 ro
130 1516 223 1580 euius
255 1515 444 1580 resurreetio
476 1535 539 1580 non
570 1515 602 1579 in
635 1517 767 1599 longum
799 1515 900 1579 missa
931 1519 982 1579 est
1012 1519 1050 1579 nt
1079 1515 1222 1579 eliorum.
1247 1515 1283 1580 in

130 1621 414 1688 defensionem
439 1641 562 1687 meem
586 1623 735 1706 aspice,
760 1641 799 1686 ne
823 1622 897 1705 quid
916 1627 1050 1688 noceant
1072 1623 1203 1690 inimici.
1229 1622 1282 1702 qui

131 1729 194 1794 sibi
215 1729 364 1793 uidentur
382 1729 501 1812 aliquid
522 1730 665 1812 potuisse
685 1749 810 1794 earnem
826 1729 1007 1813 perimendo
1026 1728 1203 1794 mortalem.
1222 1747 1283 1793 non

132 1840 242 1902 autem
269 1840 394 1914 nocent,
423 1835 451 1900 si
479 1835 665 1901 defendente
699 1837 802 1919 gretie
834 1835 885 1900 dei
917 1855 977 1900 non
1012 1836 1059 1900 eis
1091 1835 1131 1898 ed
1163 1836 1282 1898 malum

133 1943 240 2008 enimn
268 1945 417 2026 snperato
444 1943 635 2018 eonsentiet;
669 1944 754 2007 sient
782 1943 865 2007 enim
881 1947 926 2038 ⁸et
954 1943 1030 2007 olibi
1062 1943 1284 2026 prophetatum

88 2053 196 2127 nest,
226 2053 335 2115 terre
367 2049 523 2115 tradite
556 2052 618 2114 est
649 2051 687 2114 in
721 2070 862 2114 manns
894 2050 1020 2133 impii,
1049 2051 1109 2115 hoe
1137 2054 1187 2114 est
1214 2068 1286 2113 cero

131 2159 269 2222 terrene.

44 2258 84 2321 41
181 2263 284 2328 Erue
313 2282 331 2326 s
359 2263 508 2328 framea
542 2265 713 2328 animem
748 2282 880 2327 meam.
911 2263 1030 2328 framea
1063 2263 1188 2346 gladius
1221 2268 1284 2336 est3

132 2389 193 2436 neo
218 2369 328 2451 utique
352 2370 409 2434 tali
431 2370 513 2436 ferro
538 2371 594 2435 sed
618 2389 708 2434 ornee
734 2371 860 2435 occisus
884 2375 934 2434 est
952 2370 1098 2435 Christus
1121 2387 1177 2433 nee
1200 2371 1285 2434 latus

133 2478 206 2542 eius
239 2475 345 2560 gladio
379 2477 435 2541 sed
471 2479 579 2542 lancea
616 2481 850 2560 percusserunt.
888 2478 1039 2541 translato
1078 2493 1152 2560 ergo
1188 2475 1286 2539 norbo

87 2611 115 2650 eo
133 2585 289 2650 frameam
317 2583 460 2666 lingnam
489 2583 567 2648 dixit
594 2584 863 2666 persequentium,
892 2584 977 2647 siout
1003 2584 1035 2646 in
1068 2583 1131 2648 elio
1162 2584 1286 2664 psalmo

135 2691 270 2756 dieitur:
298 2691 347 2754 nt
374 2689 517 2775 lingna
546 2709 681 2756 eornm
711 2692 878 2775 gladius
907 2694 1066 2756 ocutus.
1095 2689 1187 2765 unde,
1213 2689 1288 2770 quia

134 2799 168 2862 in
195 2797 263 2860 eius
292 2814 383 2861 earne
410 2797 520 2880 lingue
547 2797 727 2880 praeualuit
752 2797 975 2880 malignorum,
1000 2800 1077 2876 oret,
1102 2802 1137 2859 nt
1167 2795 1289 2859 animae

134 2903 219 2970 nihil
241 2906 364 2978 noeent,
389 2921 461 2968 oum
490 2902 582 2969 dieii:
609 2905 713 2968 Erue
737 2924 755 2967 a
779 2904 928 2968 framea
956 2903 1125 2967 enimam
1156 2921 1287 2978 meam,

136 3015 176 3076 ut
200 3011 277 3074 haee
300 3009 331 3073 in
354 3010 521 3094 prophetie
545 3011 655 3086 oratio,
681 3011 707 3074 si
732 3011 770 3074 ad
796 3014 891 3093 capnt
915 3011 1054 3091 eorporis
1078 3010 1205 3080 referas,
1228 3028 1288 3071 non

230 3255 482 3322 emenone
572 3254 651 3307 41²2.
672 3254 716 3314 21,
738 3253 770 3306 ne
863 3252 943 3306 nes.
963 3253 1007 3316 21,
1025 3252 1058 3305 21
1138 3251 1167 3315 s;
1190 3251 1224 3304 10
1243 3251 1287 3304 ne.

137 3348 185 3409 21,
204 3346 240 3399 eo
297 3343 396 3399 1510o
416 3346 441 3412 e,
460 3343 495 3398 24
552 3345 583 3396 17
603 3345 647 3398 ΡΒ.
667 3344 709 3410 21,
729 3345 760 3395 21
820 3343 851 3395 21
873 3343 918 3396 ns.
937 3343 1017 3410 een

175 3467 441 3525 2essetutrumGT
475 3467 873 3522 duestimentimentimenteL
909 3463 1117 3520 didestom.N
1149 3465 1291 3519 ieoetesie

137 3575 202 3615 curn
216 3557 286 3611 dicit
299 3556 380 3612 LOR
434 3557 517 3610 etiem
536 3557 643 3610 dieitT
678 3557 817 3610 Sunicem
837 3573 912 3608 suem
930 3553 1289 3623 om.,m.utuid.1e.u,

139 3647 208 3704 add.
228 3647 347 3700 tunicam
367 3661 441 3699 suem
467 3649 491 3710 (t
513 3651 583 3713 emp.)
604 3645 629 3698 L
653 3645 772 3698 tunicam
796 3661 872 3698 snam
893 3642 1003 3698 ORNT
1024 3643 1144 3696 tonicam
1168 3659 1243 3694 onem
1264 3640 1291 3694 G

175 3739 269 3806 inquit
287 3753 339 3790 one
358 3735 390 3788 N
424 3734 660 3790 9feeiss0edd.
701 3735 734 3788 10
753 3751 808 3787 non
827 3750 879 3787 om.
897 3733 925 3786 R
979 3735 1062 3785 misse
1081 3733 1125 3802 (m.
1144 3734 1161 3782 2
1180 3732 1292 3795 omissa)

139 3833 185 3884 est
206 3827 232 3882 G
251 3827 335 3880 misse
352 3843 404 3878 non
425 3829 468 3878 est
485 3824 513 3879 R
532 3829 574 3878 est
593 3825 675 3878 misse
693 3825 753 3878 edd.
830 3825 859 3877 ll
880 3824 984 3892 aspice
1007 3823 1032 3874 Τ
1101 3822 1132 3875 12
1154 3837 1245 3872 cenem
1266 3818 1291 3870 L

141 3921 177 3974 14
197 3917 279 3985 sieut]
300 3915 338 3968 sio
361 3913 462 3970 Tedd.
556 3914 589 3967 15
607 3913 710 3967 tradite
728 3937 742 3963 ο
761 3914 788 3965 in
813 3929 908 3965 menes
931 3910 1008 3978 impii
1032 3913 1074 3962 est
1096 3909 1121 3961 Τ
1141 3907 1244 3960 tradita
1263 3906 1291 3958 in

138 4023 239 4062 menne
258 4005 336 4073 impii
355 4007 398 4056 eet
418 4003 444 4057 G
501 4005 531 4056 17
552 4020 582 4054 a·
600 4003 625 4072 (f
641 4019 711 4056 eras.
731 4001 756 4068 ,9)
780 4001 805 4054 Τ
863 4002 896 4054 18
915 4000 1039 4054 Christus
1059 3999 1163 4050 occisus
1182 3994 1292 4048 estred

140 4111 222 4152 eruce
241 4091 302 4148 edd.
367 4091 827 4154 ociosus,m.1eom·.ooeisns1'
886 4087 1008 4144 Christus
1028 4103 1078 4139 om.
1098 4085 1131 4138 N
1164 4085 1199 4136 20
1218 4081 1291 4151 psel-

139 4183 279 4252 molleeo
299 4180 330 4234 N
419 4181 451 4234 21
474 4182 675 4250 qnieeoeeorr.
697 4197 729 4232 m.
749 4185 772 4246 1,
787 4180 848 4246 suit
867 4178 939 4247 quod
958 4176 990 4230 N
1087 4174 1122 4227 24
1142 4189 1203 4241 nou,
1222 4175 1292 4224 m.1

141 4289 215 4328 corr.
234 4270 335 4324 nonO
