3092 4959
281 389 322 452 84
635 387 662 442 S.
691 387 830 442 Aureli
857 386 1077 457 Augustini

279 582 509 648 catholicorum
536 601 699 648 seruorum
733 581 793 661 dei,
827 601 907 665 quas
938 581 1071 647 infirmis
1104 581 1144 648 ed
1176 581 1429 648 aedificationem

279 689 453 772 spiritalem
481 689 578 755 utiles
605 708 676 754 osse
707 689 833 769 debent,
862 689 946 754 houd
978 690 1139 772 reoiprooa
1170 689 1385 768 inimieorum,
1413 709 1431 756 a

280 795 395 878 quibus
431 796 518 878 passi
554 799 639 872 sunt,
676 815 778 879 poene
813 796 1013 872 decoloretis,
1049 795 1106 861 sed
1146 797 1253 880 potius
1294 796 1431 861 retronis

277 902 443 966 iudiciaria
464 903 634 968 seueritate
654 905 687 967 et
704 907 844 968 uestram
867 903 971 981 fidem,
992 902 1065 985 quie
1088 901 1147 966 filii
1166 904 1244 968 estis
1264 903 1430 982 eeclesiae,

280 1012 312 1073 et
329 1009 432 1092 ipsius
446 1009 558 1074 metris
572 1009 846 1075 mansuetudinem
862 1009 1079 1076 commendere
1093 1010 1224 1076 minime
1238 1010 1431 1094 neglegatis.
1459 1033 1472 1074 s

280 1115 358 1180 deus
386 1117 585 1198 omnipotens
617 1116 844 1199 praestantiam
875 1119 963 1182 tuam
995 1117 1087 1182 bonis
1121 1117 1268 1183 omuibus
1301 1121 1431 1202 augeat,

280 1223 405 1288 domine
426 1223 538 1288 eximie
562 1228 595 1289 et
617 1223 730 1290 merito
752 1224 886 1308 insignis
910 1227 1005 1307 etque
1028 1224 1192 1290 carissime
1209 1223 1267 1290 fili.

766 1469 938 1538 CXXXIV.

277 1609 424 1665 DOMINO
447 1609 590 1666 INSIGNI
611 1609 657 1664 ET
681 1609 820 1665 Memno
845 1609 994 1665 SUBLIMI
1016 1607 1063 1664 Ac
1086 1607 1431 1664 Pnsnsrnnrisslno

573 1697 671 1753 rimo
690 1696 867 1753 APRINGiO
887 1695 1126 1753 AUGUSTINUS.
1448 1719 1472 1757 oo

236 1823 252 1884 1
282 1804 286 1808 “
321 1823 393 1890 Non
420 1825 531 1890 dubito
559 1825 592 1890 in
619 1825 678 1890 hae
710 1827 878 1907 potestate,
908 1843 1002 1908 quam
1035 1823 1096 1888 tibi
1130 1822 1209 1887 deus
1242 1823 1366 1888 homini
1401 1825 1433 1888 in

277 1931 421 1996 homines
449 1931 547 2010 dedit,
570 1931 709 2016 cogitare
736 1935 769 1996 te
798 1931 942 1996 diuinum
969 1931 1135 2010 iudicium,
1158 1931 1214 1995 ubi
1243 1933 1278 1995 et
1304 1930 1432 1996 iudices

278 2039 408 2102 stabunt
433 2038 588 2103 rationem
616 2038 654 2103 de
683 2059 741 2104 suo
769 2037 887 2103 iudieio
916 2037 1079 2102 reddituri.
1104 2037 1282 2103 Christiane
1313 2038 1432 2121 quippe

278 2145 338 2211 tide
361 2148 393 2210 te
415 2146 563 2210 inbutum
587 2147 664 2224 seio,
688 2146 773 2210 uude
796 2145 876 2209 mihi
900 2144 940 2209 ed
968 2145 1185 2216 excellentiam
1215 2148 1306 2210 tuem
1331 2145 1435 2208 maior

276 2251 393 2318 fiducia
424 2253 577 2317 tribuitur
606 2272 667 2317 non
701 2253 806 2317 solum
838 2251 965 2334 petendi
997 2270 1108 2315 uerum
1147 2251 1242 2316 etiarn
1279 2250 1473 2316 monendie

276 2362 405 2443 propter
431 2360 524 2424 illum
552 2359 726 2431 domiuum,
753 2359 786 2422 in
819 2359 910 2423 cuius
944 2357 1066 2422 familia
1098 2357 1265 2423 nobiseum
1299 2358 1434 2422 caelesti

276 2465 345 2530 iure
369 2466 516 2542 censeris,
540 2465 572 2530 in
596 2484 657 2546 quo
681 2485 772 2549 spem
795 2465 881 2528 uitae
909 2466 1053 2528 aeternae
1076 2463 1194 2547 pariter
1216 2463 1376 2530 hebemus
1402 2467 1434 2528 et

278 2591 372 2654 quem
394 2591 450 2656 pro
475 2572 567 2637 uobis
590 2573 622 2637 iu
647 2572 856 2637 saerosanctis
879 2569 1040 2653 mysteriis
1064 2570 1260 2634 iuuooamus.
1286 2571 1432 2653 proinde,

280 2679 406 2744 domiue
420 2679 553 2762 insignis
569 2681 602 2743 et
616 2677 728 2743 merito
740 2677 886 2743 sublimis
897 2695 933 2742 ao
943 2675 1282 2759 praestantissimofili,
1292 2677 1432 2760 primunr

278 2805 406 2866 quaeso,
425 2790 462 2850 ut
484 2804 545 2850 nou
564 2785 624 2850 tibi
648 2785 757 2850 uidear
779 2785 980 2866 importunus
1004 2783 1129 2847 inruere
1152 2782 1278 2848 autibus
1302 2785 1369 2848 tuis
1395 2802 1432 2848 ea
1446 2805 1471 2845 s

276 2892 503 2971 sollicitudine,
528 2911 622 2974 quarn
645 2911 696 2956 me
723 2891 893 2975 praecipue
921 2909 1028 2974 gerere
1057 2890 1181 2971 oportet
1207 2908 1264 2972 pro
1293 2891 1433 2954 ecelesia

313 3119 325 3171 l
351 3133 490 3172 seruorum
513 3115 558 3171 dei
581 3118 661 3187 quae]
689 3133 827 3171 seruorum
852 3132 920 3186 quse
944 3113 1068 3170 PRP¹T
1089 3131 1130 3169 oe
1153 3131 1341 3186 seruorumq,·‚
1360 3131 1432 3171 eon.

276 3209 320 3273 (m.
338 3206 389 3272 12)
414 3223 552 3260 seruorum
575 3223 644 3276 quae
662 3205 701 3260 M
722 3222 860 3260 seruorum
881 3213 899 3276 q
921 3205 951 3258 F
971 3221 1110 3258 seruorum
1133 3220 1186 3274 que
1204 3207 1248 3272 A;
1271 3205 1306 3273 cs.
1329 3223 1360 3274 p.
1382 3206 1431 3267 86,

276 3299 315 3349 10
386 3295 420 3349 ed
440 3311 491 3349 om.
510 3294 540 3348 F
600 3295 713 3348 2utilis
733 3311 795 3348 esse
815 3293 945 3350 debetF
1018 3291 1092 3348 haud
1111 3309 1162 3348 om.
1181 3292 1212 3346 Ε
1230 3293 1332 3348 autM
1349 3297 1431 3360 (md

276 3401 346 3440 corn
364 3384 443 3450 haut)
461 3384 545 3438 FAP
562 3387 610 3447 (m.
630 3386 650 3437 2
667 3383 751 3453 haud)
769 3382 867 3437 RP¹T
972 3399 988 3436 e
1007 3398 1058 3436 om.
1078 3382 1109 3436 Ε
1183 3383 1200 3435 3
1219 3382 1385 3438 decoloretis
1404 3385 1433 3438 E

278 3473 501 3542 decoloratione.
521 3477 537 3526 1
554 3489 622 3527 corr.
644 3472 806 3527 decoloretis
825 3472 864 3526 Ρ1
927 3475 1018 3542 ⁴ique
1036 3473 1066 3528 Ε
1126 3473 1256 3527 dmutris
1275 3473 1306 3526 in
1323 3473 1382 3540 fisse
1399 3489 1428 3526 se.

276 3562 378 3617 om.I'
446 3562 557 3616 minime
576 3579 627 3617 om.
646 3563 674 3617 R
729 3561 874 3616 idomine
893 3579 945 3616 om.
963 3562 992 3618 R

362 3705 441 3758 Idem
459 3705 573 3773 codices,
591 3705 640 3773 qui
657 3705 690 3758 ἐκ
709 3721 748 3773 ep.
771 3703 947 3758 CXXXIII.

311 3848 327 3900 9
346 3864 378 3902 ao
395 3863 430 3900 m.
450 3849 470 3900 2
487 3861 575 3915 supra
594 3862 650 3900 ras.
669 3847 699 3900 E
767 3846 800 3900 10
819 3846 980 3916 apringiono
999 3845 1058 3913 (sed
1074 3846 1106 3899 in
1122 3843 1227 3899 indice:
1247 3843 1350 3914 Incipit
1368 3843 1425 3913 epi·

275 3937 347 3992 stuls
364 3937 452 3992 saneti
471 3935 611 4004 augustini
631 3934 665 3989 ed
684 3935 849 4005 apringium)
867 3935 932 3989 ΜΡ
1015 3936 1158 4004 agustinus
1170 3921 1225 4005 eps
1244 3933 1275 3988 Ε
1345 3933 1379 3984 12
1397 3936 1426 3985 te

275 4043 325 4080 one.
345 4026 434 4080 Meu
526 4024 628 4096 etiubi
651 4025 677 4078 T
771 4026 804 4079 14
823 4028 852 4079 te
871 4041 932 4090 om„
950 4041 985 4081 m.
1004 4029 1020 4077 1
1038 4023 1104 4078 add.
1122 4022 1160 4077 Μ
1249 4020 1427 4078 maiorsFA

276 4116 310 4169 lt
332 4115 467 4169 tribuetur
485 4115 516 4169 Ε
537 4112 618 4168 datur
639 4114 664 4166 T
771 4129 864 4167 uerum
888 4115 972 4168 etiam
994 4111 1134 4182 monendi]
1160 4130 1185 4178 ες
1206 4109 1378 4166 ammonendi
1402 4109 1429 4162 T

277 4205 309 4257 16
329 4203 455 4264 caeleste,
474 4220 508 4258 m.
528 4207 548 4257 2
566 4203 680 4258 caelesti
698 4205 729 4258 E
784 4204 816 4257 18
835 4204 863 4258 in
882 4219 958 4258 suero
977 4219 1025 4273 pro
1045 4202 1123 4257 uobis
1142 4202 1246 4256 sanetis
1264 4203 1291 4254 A
1344 4199 1427 4252 uobis

277 4292 303 4344 Τ
355 4292 388 4346 21
409 4309 464 4361 qua
482 4291 512 4345 F
