<?xml version="1.0" encoding="UTF-8"?>
<!DOCTYPE html PUBLIC "-//W3C//DTD XHTML 1.0 Transitional//EN"
    "http://www.w3.org/TR/xhtml1/DTD/xhtml1-transitional.dtd">
<html xmlns="http://www.w3.org/1999/xhtml" xml:lang="en" lang="en">
 <head>
  <title>
</title>
<meta http-equiv="Content-Type" content="text/html;charset=utf-8" />
  <meta name='ocr-system' content='tesseract 3.04.00' />
  <meta name='ocr-capabilities' content='ocr_page ocr_carea ocr_par ocr_line ocrx_word'/>
</head>
<body>
  <div class='ocr_page' id='page_1' title='image "./corpusscriptoru05wissgoog_0197.png"; bbox 0 0 3092 4959; ppageno 0'>
   <div class='ocr_carea' id='block_1_1' title="bbox 544 388 1303 459">
    <p class='ocr_par' dir='ltr' id='par_1_1' title="bbox 544 388 1303 459">
     <span class='ocr_line' id='line_1_1' title="bbox 544 388 1303 459; baseline 0.02 -17"><span class='ocrx_word' id='word_1_1' title='bbox 544 388 810 459; x_wconf 74' lang='lat' dir='ltr'><strong>epistularum</strong></span> <span class='ocrx_word' id='word_1_2' title='bbox 836 389 914 446; x_wconf 82' lang='lat' dir='ltr'>CXL.</span> <span class='ocrx_word' id='word_1_3' title='bbox 1239 395 1303 456; x_wconf 86' lang='lat'><strong>165</strong></span> 
     </span>
    </p>
   </div>
   <div class='ocr_carea' id='block_1_2' title="bbox 57 583 1306 3119">
    <p class='ocr_par' dir='ltr' id='par_1_2' title="bbox 57 583 1306 3119">
     <span class='ocr_line' id='line_1_2' title="bbox 152 583 1304 670; baseline 0.005 -24"><span class='ocrx_word' id='word_1_4' title='bbox 152 583 270 665; x_wconf 90' lang='lat' dir='ltr'><strong>impiis,</strong></span> <span class='ocrx_word' id='word_1_5' title='bbox 296 601 334 648; x_wconf 90' lang='lat' dir='ltr'><strong>ne</strong></span> <span class='ocrx_word' id='word_1_6' title='bbox 357 602 413 664; x_wconf 88' lang='lat' dir='ltr'><strong>pro</strong></span> <span class='ocrx_word' id='word_1_7' title='bbox 439 603 553 667; x_wconf 88' lang='lat' dir='ltr'><strong>magno</strong></span> <span class='ocrx_word' id='word_1_8' title='bbox 578 587 780 666; x_wconf 78' lang='lat' dir='ltr'><strong>quaereretur</strong></span> <span class='ocrx_word' id='word_1_9' title='bbox 802 604 821 650; x_wconf 89' lang='lat' dir='ltr'><strong>a</strong></span> <span class='ocrx_word' id='word_1_10' title='bbox 843 585 947 652; x_wconf 89' lang='lat' dir='ltr'><strong>bonis.</strong></span> <span class='ocrx_word' id='word_1_11' title='bbox 977 587 1051 652; x_wconf 89' lang='lat' dir='ltr'><strong>hinc</strong></span> <span class='ocrx_word' id='word_1_12' title='bbox 1077 588 1133 652; x_wconf 89' lang='lat' dir='ltr'><strong>ille</strong></span> <span class='ocrx_word' id='word_1_13' title='bbox 1160 588 1304 670; x_wconf 88' lang='lat' dir='ltr'><strong>psalmus</strong></span> 
     </span>
     <span class='ocr_line' id='line_1_3' title="bbox 153 691 1305 777; baseline 0.004 -25"><span class='ocrx_word' id='word_1_14' title='bbox 153 691 410 774; x_wconf 85' lang='lat' dir='ltr'><strong>septuagesimus</strong></span> <span class='ocrx_word' id='word_1_15' title='bbox 430 693 462 754; x_wconf 90' lang='lat' dir='ltr'><strong>et</strong></span> <span class='ocrx_word' id='word_1_16' title='bbox 481 691 640 755; x_wconf 91' lang='lat' dir='ltr'><strong>secundus</strong></span> <span class='ocrx_word' id='word_1_17' title='bbox 659 691 785 756; x_wconf 81' lang='lat' dir='ltr'>inducit</span> <span class='ocrx_word' id='word_1_18' title='bbox 802 691 962 758; x_wconf 90' lang='lat' dir='ltr'><strong>bominem</strong></span> <span class='ocrx_word' id='word_1_19' title='bbox 982 694 1205 777; x_wconf 89' lang='lat' dir='ltr'><strong>paenitentem,</strong></span> <span class='ocrx_word' id='word_1_20' title='bbox 1220 693 1305 776; x_wconf 90' lang='lat' dir='ltr'><strong>quod</strong></span> 
     </span>
     <span class='ocr_line' id='line_1_4' title="bbox 152 795 1303 880; baseline 0.003 -20"><span class='ocrx_word' id='word_1_21' title='bbox 152 795 322 880; x_wconf 88' lang='lat' dir='ltr'><strong>aliquando</strong></span> <span class='ocrx_word' id='word_1_22' title='bbox 360 797 453 862; x_wconf 91' lang='lat' dir='ltr'><strong>corde</strong></span> <span class='ocrx_word' id='word_1_23' title='bbox 490 816 551 862; x_wconf 93' lang='lat' dir='ltr'><strong>non</strong></span> <span class='ocrx_word' id='word_1_24' title='bbox 589 801 675 862; x_wconf 88' lang='lat' dir='ltr'><strong>recto</strong></span> <span class='ocrx_word' id='word_1_25' title='bbox 712 816 769 880; x_wconf 91' lang='lat' dir='ltr'><strong>pro</strong></span> <span class='ocrx_word' id='word_1_26' title='bbox 797 798 856 863; x_wconf 90' lang='lat' dir='ltr'><strong>bac</strong></span> <span class='ocrx_word' id='word_1_27' title='bbox 885 800 943 864; x_wconf 90' lang='lat' dir='ltr'><strong>deo</strong></span> <span class='ocrx_word' id='word_1_28' title='bbox 972 801 1116 865; x_wconf 81' lang='lat' dir='ltr'><strong>mercede</strong></span> <span class='ocrx_word' id='word_1_29' title='bbox 1148 801 1303 877; x_wconf 88' lang='lat' dir='ltr'><strong>seruierit,</strong></span> 
     </span>
     <span class='ocr_line' id='line_1_5' title="bbox 153 903 1305 987; baseline 0.002 -19"><span class='ocrx_word' id='word_1_30' title='bbox 153 923 216 986; x_wconf 90' lang='lat' dir='ltr'><strong>qua</strong></span> <span class='ocrx_word' id='word_1_31' title='bbox 252 922 325 968; x_wconf 90' lang='lat' dir='ltr'><strong>cum</strong></span> <span class='ocrx_word' id='word_1_32' title='bbox 362 903 481 984; x_wconf 92' lang='lat' dir='ltr'><strong>pollere</strong></span> <span class='ocrx_word' id='word_1_33' title='bbox 518 907 612 987; x_wconf 90' lang='lat' dir='ltr'><strong>atque</strong></span> <span class='ocrx_word' id='word_1_34' title='bbox 651 905 802 969; x_wconf 83' lang='lat' dir='ltr'><strong>excellere</strong></span> <span class='ocrx_word' id='word_1_35' title='bbox 838 905 954 986; x_wconf 88' lang='lat' dir='ltr'><strong>impios</strong></span> <span class='ocrx_word' id='word_1_36' title='bbox 990 906 1124 982; x_wconf 88' lang='lat' dir='ltr'><strong>uideret,</strong></span> <span class='ocrx_word' id='word_1_37' title='bbox 1155 907 1305 971; x_wconf 87' lang='lat' dir='ltr'><strong>turbatus</strong></span> 
     </span>
     <span class='ocr_line' id='line_1_6' title="bbox 119 1011 1303 1094; baseline 0.004 -23"><span class='ocrx_word' id='word_1_38' title='bbox 119 1015 300 1094; x_wconf 72' lang='lat' dir='ltr'><strong>acceperat</strong></span> <span class='ocrx_word' id='word_1_39' title='bbox 327 1011 477 1094; x_wconf 88' lang='lat' dir='ltr'><strong>cogitare,</strong></span> <span class='ocrx_word' id='word_1_40' title='bbox 508 1011 589 1093; x_wconf 92' lang='lat' dir='ltr'><strong>quod</strong></span> <span class='ocrx_word' id='word_1_41' title='bbox 620 1011 698 1075; x_wconf 89' lang='lat' dir='ltr'><strong>deus</strong></span> <span class='ocrx_word' id='word_1_42' title='bbox 727 1011 867 1076; x_wconf 90' lang='lat' dir='ltr'><strong>humana</strong></span> <span class='ocrx_word' id='word_1_43' title='bbox 894 1030 954 1077; x_wconf 92' lang='lat' dir='ltr'><strong>non</strong></span> <span class='ocrx_word' id='word_1_44' title='bbox 983 1016 1080 1078; x_wconf 82' lang='lat' dir='ltr'><strong>curet</strong></span> <span class='ocrx_word' id='word_1_45' title='bbox 1109 1018 1141 1078; x_wconf 89' lang='lat' dir='ltr'><strong>et</strong></span> <span class='ocrx_word' id='word_1_46' title='bbox 1169 1033 1242 1078; x_wconf 93' lang='lat' dir='ltr'><strong>cum</strong></span> <span class='ocrx_word' id='word_1_47' title='bbox 1265 1013 1303 1076; x_wconf 89' lang='lat' dir='ltr'><strong>ab</strong></span> 
     </span>
     <span class='ocr_line' id='line_1_7' title="bbox 152 1117 1306 1200; baseline 0.002 -21"><span class='ocrx_word' id='word_1_48' title='bbox 152 1118 215 1181; x_wconf 86' lang='lat' dir='ltr'><strong>ista</strong></span> <span class='ocrx_word' id='word_1_49' title='bbox 233 1119 427 1200; x_wconf 73' lang='lat' dir='ltr'><strong>cogitatione</strong></span> <span class='ocrx_word' id='word_1_50' title='bbox 447 1135 518 1182; x_wconf 87' lang='lat' dir='ltr'><strong>aum</strong></span> <span class='ocrx_word' id='word_1_51' title='bbox 538 1121 721 1182; x_wconf 86' lang='lat' dir='ltr'><strong>sauctorum</strong></span> <span class='ocrx_word' id='word_1_52' title='bbox 737 1117 775 1182; x_wconf 91' lang='lat' dir='ltr'><strong>ad</strong></span> <span class='ocrx_word' id='word_1_53' title='bbox 791 1117 885 1182; x_wconf 91' lang='lat' dir='ltr'><strong>deum</strong></span> <span class='ocrx_word' id='word_1_54' title='bbox 901 1119 1127 1200; x_wconf 87' lang='lat' dir='ltr'><strong>pertinentium</strong></span> <span class='ocrx_word' id='word_1_55' title='bbox 1142 1121 1306 1185; x_wconf 89' lang='lat' dir='ltr'><strong>reuocaret</strong></span> 
     </span>
     <span class='ocr_line' id='line_1_8' title="bbox 152 1223 1305 1310; baseline 0.001 -22"><span class='ocrx_word' id='word_1_56' title='bbox 152 1226 335 1302; x_wconf 88' lang='lat' dir='ltr'><strong>auctoritas,</strong></span> <span class='ocrx_word' id='word_1_57' title='bbox 373 1224 516 1306; x_wconf 83' lang='lat' dir='ltr'><strong>suscepit</strong></span> <span class='ocrx_word' id='word_1_58' title='bbox 552 1229 647 1306; x_wconf 89' lang='lat' dir='ltr'><strong>atque</strong></span> <span class='ocrx_word' id='word_1_59' title='bbox 687 1223 826 1288; x_wconf 86' lang='lat' dir='ltr'><strong>intendit</strong></span> <span class='ocrx_word' id='word_1_60' title='bbox 867 1243 1038 1308; x_wconf 75' lang='lat' dir='ltr'><strong>agnoscere</strong></span> <span class='ocrx_word' id='word_1_61' title='bbox 1079 1229 1146 1290; x_wconf 89' lang='lat' dir='ltr'><strong>tam</strong></span> <span class='ocrx_word' id='word_1_62' title='bbox 1188 1225 1305 1310; x_wconf 85' lang='lat' dir='ltr'><strong>grande</strong></span> 
     </span>
     <span class='ocr_line' id='line_1_9' title="bbox 152 1329 1304 1414; baseline -0.003 -17"><span class='ocrx_word' id='word_1_63' title='bbox 152 1335 321 1407; x_wconf 89' lang='lat' dir='ltr'><strong>secretum,</strong></span> <span class='ocrx_word' id='word_1_64' title='bbox 350 1331 434 1412; x_wconf 94' lang='lat' dir='ltr'><strong>quod</strong></span> <span class='ocrx_word' id='word_1_65' title='bbox 467 1331 496 1395; x_wconf 89' lang='lat' dir='ltr'><strong>ci</strong></span> <span class='ocrx_word' id='word_1_66' title='bbox 527 1329 682 1394; x_wconf 84' lang='lat' dir='ltr'><strong>laboranti</strong></span> <span class='ocrx_word' id='word_1_67' title='bbox 715 1349 776 1395; x_wconf 87' lang='lat' dir='ltr'><strong>uon</strong></span> <span class='ocrx_word' id='word_1_68' title='bbox 809 1331 1005 1414; x_wconf 86' lang='lat' dir='ltr'><strong>patefactum</strong></span> <span class='ocrx_word' id='word_1_69' title='bbox 1034 1336 1095 1408; x_wconf 91' lang='lat' dir='ltr'><strong>est,</strong></span> <span class='ocrx_word' id='word_1_70' title='bbox 1128 1333 1227 1397; x_wconf 88' lang='lat' dir='ltr'><strong>donec</strong></span> <span class='ocrx_word' id='word_1_71' title='bbox 1259 1332 1304 1395; x_wconf 90' lang='lat' dir='ltr'><strong>iu-</strong></span> 
     </span>
     <span class='ocr_line' id='line_1_10' title="bbox 151 1437 1304 1522; baseline 0 -20"><span class='ocrx_word' id='word_1_72' title='bbox 151 1443 249 1504; x_wconf 90' lang='lat' dir='ltr'><strong>traret</strong></span> <span class='ocrx_word' id='word_1_73' title='bbox 285 1439 317 1502; x_wconf 94' lang='lat' dir='ltr'><strong>in</strong></span> <span class='ocrx_word' id='word_1_74' title='bbox 356 1437 571 1502; x_wconf 87' lang='lat' dir='ltr'><strong>sanctuarium</strong></span> <span class='ocrx_word' id='word_1_75' title='bbox 601 1437 650 1500; x_wconf 91' lang='lat' dir='ltr'><strong>dei</strong></span> <span class='ocrx_word' id='word_1_76' title='bbox 680 1440 712 1501; x_wconf 89' lang='lat' dir='ltr'><strong>et</strong></span> <span class='ocrx_word' id='word_1_77' title='bbox 744 1437 1004 1522; x_wconf 84' lang='lat' dir='ltr'><strong>intellegeretis</strong></span> <span class='ocrx_word' id='word_1_78' title='bbox 1032 1439 1217 1517; x_wconf 86' lang='lat' dir='ltr'><strong>nouissima,</strong></span> <span class='ocrx_word' id='word_1_79' title='bbox 1244 1439 1304 1502; x_wconf 92' lang='lat' dir='ltr'><strong>hoc</strong></span> 
     </span>
     <span class='ocr_line' id='line_1_11' title="bbox 106 1543 1306 1627; baseline 0.003 -23"><span class='ocrx_word' id='word_1_80' title='bbox 106 1565 132 1604; x_wconf 89' lang='grc'><strong>11</strong></span> <span class='ocrx_word' id='word_1_81' title='bbox 152 1549 202 1609; x_wconf 88' lang='lat' dir='ltr'><strong>est</strong></span> <span class='ocrx_word' id='word_1_82' title='bbox 225 1545 323 1610; x_wconf 89' lang='lat' dir='ltr'><strong>donec</strong></span> <span class='ocrx_word' id='word_1_83' title='bbox 348 1547 477 1626; x_wconf 87' lang='lat' dir='ltr'><strong>accepto</strong></span> <span class='ocrx_word' id='word_1_84' title='bbox 503 1544 618 1625; x_wconf 90' lang='lat' dir='ltr'><strong>spiritu</strong></span> <span class='ocrx_word' id='word_1_85' title='bbox 642 1547 750 1608; x_wconf 88' lang='lat' dir='ltr'><strong>sancto</strong></span> <span class='ocrx_word' id='word_1_86' title='bbox 776 1543 912 1609; x_wconf 87' lang='lat' dir='ltr'><strong>disceret</strong></span> <span class='ocrx_word' id='word_1_87' title='bbox 935 1545 1113 1610; x_wconf 88' lang='lat' dir='ltr'><strong>desiderare</strong></span> <span class='ocrx_word' id='word_1_88' title='bbox 1131 1545 1256 1627; x_wconf 89' lang='lat' dir='ltr'><strong>potiora</strong></span> <span class='ocrx_word' id='word_1_89' title='bbox 1274 1549 1306 1609; x_wconf 90' lang='lat' dir='ltr'><strong>et</strong></span> 
     </span>
     <span class='ocr_line' id='line_1_12' title="bbox 151 1649 1306 1735; baseline 0 -19"><span class='ocrx_word' id='word_1_90' title='bbox 151 1653 357 1735; x_wconf 84' lang='lat' dir='ltr'><strong>prospiceret,</strong></span> <span class='ocrx_word' id='word_1_91' title='bbox 386 1670 466 1733; x_wconf 88' lang='lat' dir='ltr'><strong>quae</strong></span> <span class='ocrx_word' id='word_1_92' title='bbox 494 1669 595 1733; x_wconf 89' lang='lat' dir='ltr'><strong>poena</strong></span> <span class='ocrx_word' id='word_1_93' title='bbox 623 1649 731 1713; x_wconf 87' lang='lat' dir='ltr'><strong>futura</strong></span> <span class='ocrx_word' id='word_1_94' title='bbox 758 1651 802 1714; x_wconf 90' lang='lat' dir='ltr'><strong>sit</strong></span> <span class='ocrx_word' id='word_1_95' title='bbox 833 1651 951 1732; x_wconf 85' lang='lat' dir='ltr'><strong>impiis,</strong></span> <span class='ocrx_word' id='word_1_96' title='bbox 980 1652 1078 1716; x_wconf 90' lang='lat' dir='ltr'><strong>etiam</strong></span> <span class='ocrx_word' id='word_1_97' title='bbox 1110 1652 1163 1733; x_wconf 92' lang='lat' dir='ltr'><strong>qui</strong></span> <span class='ocrx_word' id='word_1_98' title='bbox 1195 1651 1306 1716; x_wconf 86' lang='lat' dir='ltr'><strong>faenea</strong></span> 
     </span>
     <span class='ocr_line' id='line_1_13' title="bbox 151 1756 1303 1842; baseline -0.002 -20"><span class='ocrx_word' id='word_1_99' title='bbox 151 1759 287 1842; x_wconf 88' lang='lat' dir='ltr'><strong>quadam</strong></span> <span class='ocrx_word' id='word_1_100' title='bbox 328 1757 545 1840; x_wconf 83' lang='lat' dir='ltr'><strong>temporaliter</strong></span> <span class='ocrx_word' id='word_1_101' title='bbox 585 1756 739 1820; x_wconf 83' lang='lat' dir='ltr'><strong>felicitate</strong></span> <span class='ocrx_word' id='word_1_102' title='bbox 780 1756 972 1823; x_wconf 86' lang='lat' dir='ltr'><strong>floruissent.</strong></span> <span class='ocrx_word' id='word_1_103' title='bbox 1013 1759 1098 1822; x_wconf 89' lang='lat' dir='ltr'><strong>bunc</strong></span> <span class='ocrx_word' id='word_1_104' title='bbox 1143 1758 1303 1840; x_wconf 91' lang='lat' dir='ltr'><strong>psalmum</strong></span> 
     </span>
     <span class='ocr_line' id='line_1_14' title="bbox 151 1863 1303 1950; baseline -0.002 -20"><span class='ocrx_word' id='word_1_105' title='bbox 151 1866 424 1950; x_wconf 88' lang='lat' dir='ltr'><strong>septuagesimum</strong></span> <span class='ocrx_word' id='word_1_106' title='bbox 445 1868 476 1928; x_wconf 92' lang='lat' dir='ltr'><strong>et</strong></span> <span class='ocrx_word' id='word_1_107' title='bbox 491 1863 664 1928; x_wconf 90' lang='lat' dir='ltr'><strong>secuudum</strong></span> <span class='ocrx_word' id='word_1_108' title='bbox 680 1867 782 1942; x_wconf 90' lang='lat' dir='ltr'><strong>nocte,</strong></span> <span class='ocrx_word' id='word_1_109' title='bbox 798 1884 858 1946; x_wconf 92' lang='lat' dir='ltr'><strong>qua</strong></span> <span class='ocrx_word' id='word_1_110' title='bbox 874 1865 1091 1930; x_wconf 84' lang='lat' dir='ltr'><strong>inlucescebat</strong></span> <span class='ocrx_word' id='word_1_111' title='bbox 1105 1863 1303 1928; x_wconf 86' lang='lat' dir='ltr'><strong>sollemnitas</strong></span> 
     </span>
     <span class='ocr_line' id='line_1_15' title="bbox 151 1969 1305 2054; baseline -0.002 -20"><span class='ocrx_word' id='word_1_112' title='bbox 151 1972 328 2036; x_wconf 85' lang='lat' dir='ltr'><strong>beatissimi</strong></span> <span class='ocrx_word' id='word_1_113' title='bbox 353 1969 508 2054; x_wconf 84' lang='lat' dir='ltr'><strong>Cypriani,</strong></span> <span class='ocrx_word' id='word_1_114' title='bbox 533 1989 588 2052; x_wconf 89' lang='lat' dir='ltr'><strong>per</strong></span> <span class='ocrx_word' id='word_1_115' title='bbox 615 1970 828 2034; x_wconf 90' lang='lat' dir='ltr'><strong>ministerium</strong></span> <span class='ocrx_word' id='word_1_116' title='bbox 857 1976 999 2035; x_wconf 91' lang='lat' dir='ltr'><strong>nostrum</strong></span> <span class='ocrx_word' id='word_1_117' title='bbox 1029 1971 1208 2054; x_wconf 83' lang='lat' dir='ltr'><strong>expositum</strong></span> <span class='ocrx_word' id='word_1_118' title='bbox 1234 1970 1305 2052; x_wconf 89' lang='lat' dir='ltr'><strong>lege</strong></span> 
     </span>
     <span class='ocr_line' id='line_1_16' title="bbox 106 2077 1296 2161; baseline -0.002 -23"><span class='ocrx_word' id='word_1_119' title='bbox 106 2099 131 2138; x_wconf 77' lang='lat' dir='ltr'><strong>rs</strong></span> <span class='ocrx_word' id='word_1_120' title='bbox 152 2083 184 2144; x_wconf 88' lang='lat' dir='ltr'><strong>et</strong></span> <span class='ocrx_word' id='word_1_121' title='bbox 208 2078 378 2161; x_wconf 89' lang='lat' dir='ltr'><strong>diligenter</strong></span> <span class='ocrx_word' id='word_1_122' title='bbox 401 2077 541 2140; x_wconf 89' lang='lat' dir='ltr'><strong>aduerte.</strong></span> <span class='ocrx_word' id='word_1_123' title='bbox 1286 2129 1296 2136; x_wconf 95' lang='lat'>.</span> 
     </span>
     <span class='ocr_line' id='line_1_17' title="bbox 57 2180 1304 2265; baseline 0.002 -21"><span class='ocrx_word' id='word_1_124' title='bbox 57 2185 101 2244; x_wconf 75' lang='lat'><strong>14</strong></span> <span class='ocrx_word' id='word_1_125' title='bbox 196 2183 332 2250; x_wconf 90' lang='lat' dir='ltr'><strong>Proinde</strong></span> <span class='ocrx_word' id='word_1_126' title='bbox 373 2183 467 2247; x_wconf 94' lang='lat' dir='ltr'><strong>homo</strong></span> <span class='ocrx_word' id='word_1_127' title='bbox 511 2181 657 2248; x_wconf 83' lang='lat' dir='ltr'><strong>Christus</strong></span> <span class='ocrx_word' id='word_1_128' title='bbox 698 2183 848 2265; x_wconf 89' lang='lat' dir='ltr'><strong>idemque</strong></span> <span class='ocrx_word' id='word_1_129' title='bbox 890 2183 970 2248; x_wconf 89' lang='lat' dir='ltr'><strong>deus</strong></span> <span class='ocrx_word' id='word_1_130' title='bbox 1011 2180 1169 2260; x_wconf 79' lang='lat' dir='ltr'><strong>Christus,</strong></span> <span class='ocrx_word' id='word_1_131' title='bbox 1211 2181 1304 2246; x_wconf 88' lang='lat' dir='ltr'><strong>cuius</strong></span> 
     </span>
     <span class='ocr_line' id='line_1_18' title="bbox 151 2287 1302 2370; baseline -0.002 -18"><span class='ocrx_word' id='word_1_132' title='bbox 151 2289 449 2354; x_wconf 87' lang='lat' dir='ltr'><strong>misericordissima</strong></span> <span class='ocrx_word' id='word_1_133' title='bbox 484 2289 681 2354; x_wconf 87' lang='lat' dir='ltr'><strong>humanitate</strong></span> <span class='ocrx_word' id='word_1_134' title='bbox 719 2292 814 2370; x_wconf 89' lang='lat' dir='ltr'><strong>atque</strong></span> <span class='ocrx_word' id='word_1_135' title='bbox 850 2289 881 2352; x_wconf 92' lang='lat' dir='ltr'><strong>in</strong></span> <span class='ocrx_word' id='word_1_136' title='bbox 919 2289 1011 2354; x_wconf 90' lang='lat' dir='ltr'><strong>cuius</strong></span> <span class='ocrx_word' id='word_1_137' title='bbox 1052 2290 1153 2353; x_wconf 87' lang='lat' dir='ltr'><strong>forma</strong></span> <span class='ocrx_word' id='word_1_138' title='bbox 1194 2287 1302 2354; x_wconf 91' lang='lat' dir='ltr'><strong>seruili</strong></span> 
     </span>
     <span class='ocr_line' id='line_1_19' title="bbox 151 2393 1301 2476; baseline -0.002 -16"><span class='ocrx_word' id='word_1_139' title='bbox 151 2397 272 2462; x_wconf 88' lang='lat' dir='ltr'><strong>discere</strong></span> <span class='ocrx_word' id='word_1_140' title='bbox 300 2396 496 2470; x_wconf 75' lang='lat' dir='ltr'><strong>deberemus¹</strong></span> <span class='ocrx_word' id='word_1_141' title='bbox 527 2393 603 2476; x_wconf 92' lang='lat' dir='ltr'><strong>quid</strong></span> <span class='ocrx_word' id='word_1_142' title='bbox 631 2395 662 2458; x_wconf 93' lang='lat' dir='ltr'><strong>iu</strong></span> <span class='ocrx_word' id='word_1_143' title='bbox 693 2395 752 2459; x_wconf 90' lang='lat' dir='ltr'><strong>hac</strong></span> <span class='ocrx_word' id='word_1_144' title='bbox 779 2395 848 2461; x_wconf 90' lang='lat' dir='ltr'><strong>uita</strong></span> <span class='ocrx_word' id='word_1_145' title='bbox 871 2396 1137 2462; x_wconf 91' lang='lat' dir='ltr'><strong>contemnendum</strong></span> <span class='ocrx_word' id='word_1_146' title='bbox 1166 2399 1198 2460; x_wconf 87' lang='lat' dir='ltr'><strong>et</strong></span> <span class='ocrx_word' id='word_1_147' title='bbox 1226 2395 1301 2476; x_wconf 94' lang='lat' dir='ltr'><strong>quid</strong></span> 
     </span>
     <span class='ocr_line' id='line_1_20' title="bbox 150 2500 1301 2586; baseline -0.003 -19"><span class='ocrx_word' id='word_1_148' title='bbox 150 2507 181 2568; x_wconf 90' lang='lat' dir='ltr'><strong>in</strong></span> <span class='ocrx_word' id='word_1_149' title='bbox 211 2503 274 2568; x_wconf 86' lang='lat' dir='ltr'><strong>alia</strong></span> <span class='ocrx_word' id='word_1_150' title='bbox 301 2500 490 2585; x_wconf 91' lang='lat' dir='ltr'><strong>sperandum</strong></span> <span class='ocrx_word' id='word_1_151' title='bbox 520 2505 615 2578; x_wconf 89' lang='lat' dir='ltr'><strong>esset,</strong></span> <span class='ocrx_word' id='word_1_152' title='bbox 644 2502 676 2566; x_wconf 94' lang='lat' dir='ltr'><strong>in</strong></span> <span class='ocrx_word' id='word_1_153' title='bbox 705 2502 776 2584; x_wconf 90' lang='lat' dir='ltr'><strong>ipsa</strong></span> <span class='ocrx_word' id='word_1_154' title='bbox 803 2503 962 2586; x_wconf 82' lang='lat' dir='ltr'><strong>passione,</strong></span> <span class='ocrx_word' id='word_1_155' title='bbox 990 2503 1021 2566; x_wconf 92' lang='lat' dir='ltr'><strong>in</strong></span> <span class='ocrx_word' id='word_1_156' title='bbox 1052 2522 1114 2585; x_wconf 88' lang='lat' dir='ltr'><strong>qua</strong></span> <span class='ocrx_word' id='word_1_157' title='bbox 1142 2501 1203 2566; x_wconf 90' lang='lat' dir='ltr'><strong>sibi</strong></span> <span class='ocrx_word' id='word_1_158' title='bbox 1232 2501 1301 2566; x_wconf 91' lang='lat' dir='ltr'><strong>eius</strong></span> 
     </span>
     <span class='ocr_line' id='line_1_21' title="bbox 102 2607 1302 2694; baseline -0.002 -22"><span class='ocrx_word' id='word_1_159' title='bbox 102 2633 129 2674; x_wconf 85' lang='grc' dir='ltr'><strong>1ο</strong></span> <span class='ocrx_word' id='word_1_160' title='bbox 149 2611 271 2675; x_wconf 90' lang='lat' dir='ltr'><strong>inimici</strong></span> <span class='ocrx_word' id='word_1_161' title='bbox 295 2609 402 2694; x_wconf 89' lang='lat' dir='ltr'><strong>magui</strong></span> <span class='ocrx_word' id='word_1_162' title='bbox 426 2609 626 2690; x_wconf 90' lang='lat' dir='ltr'><strong>uictoresque</strong></span> <span class='ocrx_word' id='word_1_163' title='bbox 651 2608 851 2686; x_wconf 85' lang='lat' dir='ltr'><strong>uidebantur,</strong></span> <span class='ocrx_word' id='word_1_164' title='bbox 874 2609 1018 2693; x_wconf 89' lang='lat' dir='ltr'><strong>suscepit</strong></span> <span class='ocrx_word' id='word_1_165' title='bbox 1039 2628 1152 2674; x_wconf 89' lang='lat' dir='ltr'><strong>uocem</strong></span> <span class='ocrx_word' id='word_1_166' title='bbox 1174 2607 1302 2674; x_wconf 90' lang='lat' dir='ltr'><strong>iufirmi-</strong></span> 
     </span>
     <span class='ocr_line' id='line_1_22' title="bbox 150 2715 1300 2798; baseline -0.003 -17"><span class='ocrx_word' id='word_1_167' title='bbox 150 2718 227 2781; x_wconf 86' lang='lat' dir='ltr'><strong>tatis</strong></span> <span class='ocrx_word' id='word_1_168' title='bbox 267 2719 403 2793; x_wconf 89' lang='lat' dir='ltr'><strong>nostrae,</strong></span> <span class='ocrx_word' id='word_1_169' title='bbox 441 2735 504 2798; x_wconf 89' lang='lat' dir='ltr'><strong>qua</strong></span> <span class='ocrx_word' id='word_1_170' title='bbox 541 2715 655 2778; x_wconf 90' lang='lat' dir='ltr'><strong>simul</strong></span> <span class='ocrx_word' id='word_1_171' title='bbox 699 2715 1002 2798; x_wconf 84' lang='lat' dir='ltr'><strong>crucifigebatur</strong></span> <span class='ocrx_word' id='word_1_172' title='bbox 1042 2721 1153 2780; x_wconf 89' lang='lat' dir='ltr'><strong>uetus</strong></span> <span class='ocrx_word' id='word_1_173' title='bbox 1195 2715 1300 2779; x_wconf 91' lang='lat' dir='ltr'><strong>bomo</strong></span> 
     </span>
     <span class='ocr_line' id='line_1_23' title="bbox 151 2821 1301 2904; baseline -0.004 -16"><span class='ocrx_word' id='word_1_174' title='bbox 151 2829 292 2898; x_wconf 89' lang='lat' dir='ltr'><strong>noster,</strong></span> <span class='ocrx_word' id='word_1_175' title='bbox 322 2827 363 2886; x_wconf 89' lang='lat' dir='ltr'><strong>ut</strong></span> <span class='ocrx_word' id='word_1_176' title='bbox 390 2825 642 2886; x_wconf 90' lang='lat' dir='ltr'><strong>euacuaretur</strong></span> <span class='ocrx_word' id='word_1_177' title='bbox 670 2841 809 2903; x_wconf 92' lang='lat' dir='ltr'><strong>corpus</strong></span> <span class='ocrx_word' id='word_1_178' title='bbox 838 2822 994 2904; x_wconf 90' lang='lat' dir='ltr'><strong>peccati,</strong></span> <span class='ocrx_word' id='word_1_179' title='bbox 1019 2828 1051 2885; x_wconf 89' lang='lat' dir='ltr'><strong>et</strong></span> <span class='ocrx_word' id='word_1_180' title='bbox 1075 2822 1166 2886; x_wconf 85' lang='lat' dir='ltr'><strong>dixit:</strong></span> <span class='ocrx_word' id='word_1_181' title='bbox 1190 2821 1301 2895; x_wconf 89' lang='lat' dir='ltr'><strong>Deus,</strong></span> 
     </span>
     <span class='ocr_line' id='line_1_24' title="bbox 152 2925 1300 3010; baseline -0.004 -16"><span class='ocrx_word' id='word_1_182' title='bbox 152 2931 244 2994; x_wconf 90' lang='lat' dir='ltr'><strong>deus</strong></span> <span class='ocrx_word' id='word_1_183' title='bbox 274 2949 388 3002; x_wconf 88' lang='lat' dir='ltr'><strong>meus,</strong></span> <span class='ocrx_word' id='word_1_184' title='bbox 418 2935 458 2992; x_wconf 91' lang='lat' dir='ltr'><strong>ut</strong></span> <span class='ocrx_word' id='word_1_185' title='bbox 487 2929 577 3010; x_wconf 91' lang='lat' dir='ltr'><strong>quid</strong></span> <span class='ocrx_word' id='word_1_186' title='bbox 605 2948 660 2992; x_wconf 91' lang='lat' dir='ltr'><strong>me</strong></span> <span class='ocrx_word' id='word_1_187' title='bbox 689 2928 955 3009; x_wconf 79' lang='lat' dir='ltr'><strong>dereliquisti?</strong></span> <span class='ocrx_word' id='word_1_188' title='bbox 984 2934 1016 2993; x_wconf 91' lang='lat' dir='ltr'><strong>et</strong></span> <span class='ocrx_word' id='word_1_189' title='bbox 1044 2930 1104 2992; x_wconf 92' lang='lat' dir='ltr'><strong>boc</strong></span> <span class='ocrx_word' id='word_1_190' title='bbox 1132 2947 1232 2992; x_wconf 92' lang='lat' dir='ltr'><strong>uuum</strong></span> <span class='ocrx_word' id='word_1_191' title='bbox 1263 2925 1300 2989; x_wconf 93' lang='lat' dir='ltr'><strong>de</strong></span> 
     </span>
     <span class='ocr_line' id='line_1_25' title="bbox 152 3033 1303 3119; baseline -0.007 -19"><span class='ocrx_word' id='word_1_192' title='bbox 152 3035 292 3118; x_wconf 89' lang='lat' dir='ltr'><strong>quinque</strong></span> <span class='ocrx_word' id='word_1_193' title='bbox 328 3036 501 3119; x_wconf 86' lang='lat' dir='ltr'><strong>propositis</strong></span> <span class='ocrx_word' id='word_1_194' title='bbox 538 3036 614 3100; x_wconf 86' lang='lat' dir='ltr'><strong>tuis.</strong></span> <span class='ocrx_word' id='word_1_195' title='bbox 653 3036 698 3100; x_wconf 89' lang='lat' dir='ltr'><strong>sic</strong></span> <span class='ocrx_word' id='word_1_196' title='bbox 735 3034 849 3115; x_wconf 89' lang='lat' dir='ltr'><strong>incipit</strong></span> <span class='ocrx_word' id='word_1_197' title='bbox 885 3035 1028 3118; x_wconf 87' lang='lat' dir='ltr'><strong>psalmus</strong></span> <span class='ocrx_word' id='word_1_198' title='bbox 1064 3033 1237 3098; x_wconf 89' lang='lat' dir='ltr'><strong>uicesimus</strong></span> <span class='ocrx_word' id='word_1_199' title='bbox 1270 3034 1303 3093; x_wconf 89' lang='lat' dir='ltr'><strong>et</strong></span> 
     </span>
    </p>
   </div>
   <div class='ocr_carea' id='block_1_3' title="bbox 115 3140 1301 3224">
    <p class='ocr_par' dir='ltr' id='par_1_3' title="bbox 115 3140 1301 3224">
     <span class='ocr_line' id='line_1_26' title="bbox 115 3140 1301 3224; baseline -0.007 -18"><span class='ocrx_word' id='word_1_200' title='bbox 115 3143 284 3224; x_wconf 79' lang='lat' dir='ltr'><strong>aprimua,</strong></span> <span class='ocrx_word' id='word_1_201' title='bbox 315 3142 368 3224; x_wconf 92' lang='lat' dir='ltr'><strong>qui</strong></span> <span class='ocrx_word' id='word_1_202' title='bbox 398 3141 435 3206; x_wconf 94' lang='lat' dir='ltr'><strong>de</strong></span> <span class='ocrx_word' id='word_1_203' title='bbox 463 3142 610 3222; x_wconf 88' lang='lat' dir='ltr'><strong>passione</strong></span> <span class='ocrx_word' id='word_1_204' title='bbox 638 3140 740 3222; x_wconf 90' lang='lat' dir='ltr'><strong>ipsius</strong></span> <span class='ocrx_word' id='word_1_205' title='bbox 769 3145 802 3204; x_wconf 89' lang='lat' dir='ltr'><strong>et</strong></span> <span class='ocrx_word' id='word_1_206' title='bbox 827 3141 1020 3205; x_wconf 89' lang='lat' dir='ltr'><strong>reuelatione</strong></span> <span class='ocrx_word' id='word_1_207' title='bbox 1048 3140 1177 3224; x_wconf 88' lang='lat' dir='ltr'><strong>gratiae,</strong></span> <span class='ocrx_word' id='word_1_208' title='bbox 1207 3157 1301 3218; x_wconf 87' lang='lat' dir='ltr'><strong>quam</strong></span> 
     </span>
    </p>
   </div>
   <div class='ocr_carea' id='block_1_4' title="bbox 152 3417 1300 3572">
    <p class='ocr_par' dir='ltr' id='par_1_4' title="bbox 152 3417 1300 3572">
     <span class='ocr_line' id='line_1_27' title="bbox 242 3417 1300 3482; baseline 0.001 -10"><span class='ocrx_word' id='word_1_209' title='bbox 242 3419 419 3482; x_wconf 75' lang='lat' dir='ltr'><strong>3Ps.72,1</strong></span> <span class='ocrx_word' id='word_1_210' title='bbox 512 3418 592 3472; x_wconf 89' lang='lat' dir='ltr'><strong>8Ps.</strong></span> <span class='ocrx_word' id='word_1_211' title='bbox 614 3420 656 3480; x_wconf 84' lang='lat'><strong>72,</strong></span> <span class='ocrx_word' id='word_1_212' title='bbox 678 3419 710 3470; x_wconf 81' lang='lat'><strong>17</strong></span> <span class='ocrx_word' id='word_1_213' title='bbox 802 3420 834 3471; x_wconf 86' lang='grc'><strong>21</strong></span> <span class='ocrx_word' id='word_1_214' title='bbox 855 3418 1012 3482; x_wconf 73' lang='lat' dir='ltr'><strong>Romae</strong></span> <span class='ocrx_word' id='word_1_215' title='bbox 1092 3417 1300 3481; x_wconf 60' lang='lat' dir='ltr'><strong>rapsatur</strong></span> 
     </span>
     <span class='ocr_line' id='line_1_28' title="bbox 152 3507 604 3572; baseline -0.004 -10"><span class='ocrx_word' id='word_1_216' title='bbox 152 3509 251 3562; x_wconf 77' lang='lat' dir='ltr'><strong>llattlr.</strong></span> <span class='ocrx_word' id='word_1_217' title='bbox 272 3508 315 3570; x_wconf 83' lang='lat'><strong>27,</strong></span> <span class='ocrx_word' id='word_1_218' title='bbox 335 3508 383 3568; x_wconf 82' lang='lat'><strong>46;</strong></span> <span class='ocrx_word' id='word_1_219' title='bbox 404 3507 486 3560; x_wconf 86' lang='lat' dir='ltr'><strong>Marc.</strong></span> <span class='ocrx_word' id='word_1_220' title='bbox 509 3507 549 3572; x_wconf 82' lang='lat'><strong>15,</strong></span> <span class='ocrx_word' id='word_1_221' title='bbox 569 3507 604 3560; x_wconf 80' lang='lat'><strong>34</strong></span> 
     </span>
    </p>
   </div>
   <div class='ocr_carea' id='block_1_5' title="bbox 151 3663 1302 4360">
    <p class='ocr_par' dir='ltr' id='par_1_5' title="bbox 151 3663 1302 4360">
     <span class='ocr_line' id='line_1_29' title="bbox 188 3663 1302 3735; baseline -0.005 -15"><span class='ocrx_word' id='word_1_222' title='bbox 188 3669 205 3720; x_wconf 88' lang='grc'><strong>3</strong></span> <span class='ocrx_word' id='word_1_223' title='bbox 224 3665 275 3720; x_wconf 93' lang='lat' dir='ltr'><strong>deo</strong></span> <span class='ocrx_word' id='word_1_224' title='bbox 290 3681 339 3735; x_wconf 89' lang='lat' dir='ltr'><strong>pro</strong></span> <span class='ocrx_word' id='word_1_225' title='bbox 354 3665 403 3720; x_wconf 88' lang='lat' dir='ltr'><strong>hac</strong></span> <span class='ocrx_word' id='word_1_226' title='bbox 418 3665 478 3719; x_wconf 84' lang='lat' dir='ltr'><strong>cdd.</strong></span> <span class='ocrx_word' id='word_1_227' title='bbox 489 3672 601 3734; x_wconf 81' lang='lat' dir='ltr'><strong>praeter</strong></span> <span class='ocrx_word' id='word_1_228' title='bbox 621 3683 669 3729; x_wconf 88' lang='lat' dir='ltr'><strong>ae,</strong></span> <span class='ocrx_word' id='word_1_229' title='bbox 692 3667 722 3718; x_wconf 83' lang='lat' dir='ltr'><strong>irc</strong></span> <span class='ocrx_word' id='word_1_230' title='bbox 740 3665 841 3734; x_wconf 79' lang='lat' dir='ltr'><strong>qrribus</strong></span> <span class='ocrx_word' id='word_1_231' title='bbox 859 3663 909 3716; x_wconf 85' lang='lat' dir='ltr'><strong>deo</strong></span> <span class='ocrx_word' id='word_1_232' title='bbox 929 3663 1002 3716; x_wconf 79' lang='lat' dir='ltr'><strong>decet</strong></span> <span class='ocrx_word' id='word_1_233' title='bbox 1056 3663 1213 3729; x_wconf 86' lang='lat' dir='ltr'><strong>deseruerit,</strong></span> <span class='ocrx_word' id='word_1_234' title='bbox 1232 3667 1302 3715; x_wconf 82' lang='lat' dir='ltr'><strong>m.2</strong></span> 
     </span>
     <span class='ocr_line' id='line_1_30' title="bbox 152 3751 1301 3825; baseline -0.004 -15"><span class='ocrx_word' id='word_1_235' title='bbox 152 3755 362 3811; x_wconf 86' lang='lat' dir='ltr'><strong>deseruieritT</strong></span> <span class='ocrx_word' id='word_1_236' title='bbox 405 3756 556 3810; x_wconf 87' lang='lat' dir='ltr'><strong>8iutraret</strong></span> <span class='ocrx_word' id='word_1_237' title='bbox 575 3755 757 3808; x_wconf 88' lang='lat' dir='ltr'><strong>sanctuarium</strong></span> <span class='ocrx_word' id='word_1_238' title='bbox 773 3754 832 3808; x_wconf 85' lang='lat' dir='ltr'><strong>cdd.</strong></span> <span class='ocrx_word' id='word_1_239' title='bbox 881 3754 910 3806; x_wconf 94' lang='lat' dir='ltr'><strong>ll</strong></span> <span class='ocrx_word' id='word_1_240' title='bbox 932 3754 1021 3825; x_wconf 63' lang='lat' dir='ltr'><strong>ignea,</strong></span> <span class='ocrx_word' id='word_1_241' title='bbox 1039 3771 1073 3808; x_wconf 88' lang='lat' dir='ltr'><strong>m.</strong></span> <span class='ocrx_word' id='word_1_242' title='bbox 1094 3756 1113 3806; x_wconf 85' lang='lat'><strong><em>2</em></strong></span> <span class='ocrx_word' id='word_1_243' title='bbox 1131 3753 1255 3823; x_wconf 58' lang='lat' dir='ltr'><strong>ignorata</strong></span> <span class='ocrx_word' id='word_1_244' title='bbox 1275 3751 1301 3805; x_wconf 80' lang='lat' dir='ltr'><strong><em>G</em></strong></span> 
     </span>
     <span class='ocr_line' id='line_1_31' title="bbox 154 3842 1300 3912; baseline -0.004 -14"><span class='ocrx_word' id='word_1_245' title='bbox 154 3847 187 3900; x_wconf 81' lang='lat'><strong>12</strong></span> <span class='ocrx_word' id='word_1_246' title='bbox 200 3845 335 3898; x_wconf 83' lang='lat' dir='ltr'><strong>felicitate</strong></span> <span class='ocrx_word' id='word_1_247' title='bbox 353 3843 541 3912; x_wconf 87' lang='lat' dir='ltr'><strong>temporaliter</strong></span> <span class='ocrx_word' id='word_1_248' title='bbox 555 3844 614 3898; x_wconf 84' lang='lat' dir='ltr'><strong>edd.</strong></span> <span class='ocrx_word' id='word_1_249' title='bbox 628 3849 739 3912; x_wconf 80' lang='lat' dir='ltr'><strong>praeter</strong></span> <span class='ocrx_word' id='word_1_250' title='bbox 755 3859 797 3896; x_wconf 85' lang='lat' dir='ltr'><strong>oc</strong></span> <span class='ocrx_word' id='word_1_251' title='bbox 838 3842 872 3896; x_wconf 84' lang='grc'><strong>13</strong></span> <span class='ocrx_word' id='word_1_252' title='bbox 887 3846 914 3895; x_wconf 89' lang='lat' dir='ltr'><strong>et</strong></span> <span class='ocrx_word' id='word_1_253' title='bbox 928 3859 979 3896; x_wconf 90' lang='lat' dir='ltr'><strong>om.</strong></span> <span class='ocrx_word' id='word_1_254' title='bbox 993 3842 1053 3896; x_wconf 86' lang='lat' dir='ltr'><strong>edd.</strong></span> <span class='ocrx_word' id='word_1_255' title='bbox 1092 3842 1300 3901; x_wconf 69' lang='lat' dir='ltr'><strong>laminarum,</strong></span> 
     </span>
     <span class='ocr_line' id='line_1_32' title="bbox 151 3930 1299 4002; baseline -0.005 -15"><span class='ocrx_word' id='word_1_256' title='bbox 151 3931 469 3988; x_wconf 83' lang='lat' dir='ltr'><strong>m.2ministeriumT</strong></span> <span class='ocrx_word' id='word_1_257' title='bbox 523 3934 555 3985; x_wconf 90' lang='grc'><strong>16</strong></span> <span class='ocrx_word' id='word_1_258' title='bbox 575 3933 645 3986; x_wconf 89' lang='lat' dir='ltr'><strong>idern</strong></span> <span class='ocrx_word' id='word_1_259' title='bbox 665 3935 727 4002; x_wconf 86' lang='lat' dir='ltr'><strong>(om.</strong></span> <span class='ocrx_word' id='word_1_260' title='bbox 748 3930 858 4001; x_wconf 87' lang='lat' dir='ltr'><strong>que)T</strong></span> <span class='ocrx_word' id='word_1_261' title='bbox 913 3932 944 3984; x_wconf 80' lang='lat'><strong>17</strong></span> <span class='ocrx_word' id='word_1_262' title='bbox 964 3931 1072 3997; x_wconf 84' lang='lat' dir='ltr'><strong>seruile,</strong></span> <span class='ocrx_word' id='word_1_263' title='bbox 1090 3935 1210 3998; x_wconf 68' lang='grc'><strong>11111.)</strong></span> <span class='ocrx_word' id='word_1_264' title='bbox 1229 3945 1299 3982; x_wconf 85' lang='lat' dir='ltr'><strong>corr.</strong></span> 
     </span>
     <span class='ocr_line' id='line_1_33' title="bbox 151 4018 1299 4092; baseline -0.007 -14"><span class='ocrx_word' id='word_1_265' title='bbox 151 4026 246 4080; x_wconf 85' lang='lat' dir='ltr'><strong>seruili</strong></span> <span class='ocrx_word' id='word_1_266' title='bbox 265 4023 291 4076; x_wconf 84' lang='lat' dir='ltr'><em>L</em></span> <span class='ocrx_word' id='word_1_267' title='bbox 310 4023 382 4076; x_wconf 89' lang='lat' dir='ltr'><strong>serui</strong></span> <span class='ocrx_word' id='word_1_268' title='bbox 400 4021 455 4077; x_wconf 81' lang='lat' dir='ltr'><strong>GT</strong></span> <span class='ocrx_word' id='word_1_269' title='bbox 492 4024 523 4076; x_wconf 87' lang='grc'><strong>18</strong></span> <span class='ocrx_word' id='word_1_270' title='bbox 544 4023 607 4092; x_wconf 87' lang='lat' dir='ltr'><strong>quia</strong></span> <span class='ocrx_word' id='word_1_271' title='bbox 626 4024 653 4076; x_wconf 88' lang='lat' dir='ltr'><strong>in</strong></span> <span class='ocrx_word' id='word_1_272' title='bbox 673 4023 731 4084; x_wconf 87' lang='lat' dir='ltr'><strong>hac,</strong></span> <span class='ocrx_word' id='word_1_273' title='bbox 751 4025 815 4074; x_wconf 87' lang='lat' dir='ltr'><strong>m.1</strong></span> <span class='ocrx_word' id='word_1_274' title='bbox 833 4037 902 4074; x_wconf 87' lang='lat' dir='ltr'><strong>corr.</strong></span> <span class='ocrx_word' id='word_1_275' title='bbox 922 4020 987 4088; x_wconf 92' lang='lat' dir='ltr'><strong>quid</strong></span> <span class='ocrx_word' id='word_1_276' title='bbox 1005 4021 1035 4073; x_wconf 88' lang='grc'><strong>111</strong></span> <span class='ocrx_word' id='word_1_277' title='bbox 1052 4020 1102 4072; x_wconf 86' lang='lat' dir='ltr'><strong>hac</strong></span> <span class='ocrx_word' id='word_1_278' title='bbox 1120 4018 1146 4072; x_wconf 86' lang='lat' dir='ltr'><em>L</em></span> <span class='ocrx_word' id='word_1_279' title='bbox 1183 4020 1217 4071; x_wconf 79' lang='lat'><strong>22</strong></span> <span class='ocrx_word' id='word_1_280' title='bbox 1237 4034 1299 4071; x_wconf 87' lang='lat' dir='ltr'><strong>eua-</strong></span> 
     </span>
     <span class='ocr_line' id='line_1_34' title="bbox 151 4106 1300 4181; baseline -0.008 -13"><span class='ocrx_word' id='word_1_281' title='bbox 151 4119 278 4168; x_wconf 84' lang='lat' dir='ltr'><strong>rucretur</strong></span> <span class='ocrx_word' id='word_1_282' title='bbox 291 4113 319 4168; x_wconf 88' lang='lat' dir='ltr'><em>R</em></span> <span class='ocrx_word' id='word_1_283' title='bbox 379 4117 407 4166; x_wconf 90' lang='lat' dir='ltr'><strong>et</strong></span> <span class='ocrx_word' id='word_1_284' title='bbox 425 4112 504 4179; x_wconf 82' lang='lat' dir='ltr'><strong>dixit]</strong></span> <span class='ocrx_word' id='word_1_285' title='bbox 525 4128 579 4181; x_wconf 88' lang='lat' dir='ltr'><strong>qua</strong></span> <span class='ocrx_word' id='word_1_286' title='bbox 597 4111 642 4163; x_wconf 72' lang='lat' dir='ltr'><strong>dix</strong></span> <span class='ocrx_word' id='word_1_287' title='bbox 656 4127 689 4164; x_wconf 88' lang='lat' dir='ltr'><strong>m.</strong></span> <span class='ocrx_word' id='word_1_288' title='bbox 706 4115 731 4170; x_wconf 82' lang='lat'><strong>2.</strong></span> <span class='ocrx_word' id='word_1_289' title='bbox 746 4111 838 4177; x_wconf 82' lang='lat' dir='ltr'><strong>sur&#39;sse</strong></span> <span class='ocrx_word' id='word_1_290' title='bbox 856 4109 917 4161; x_wconf 79' lang='lat' dir='ltr'><strong>uid.</strong></span> <span class='ocrx_word' id='word_1_291' title='bbox 938 4113 965 4162; x_wconf 86' lang='lat' dir='ltr'><strong>et</strong></span> <span class='ocrx_word' id='word_1_292' title='bbox 978 4109 1046 4162; x_wconf 85' lang='lat' dir='ltr'><strong>dixit</strong></span> <span class='ocrx_word' id='word_1_293' title='bbox 1064 4106 1087 4160; x_wconf 91' lang='lat'><em>0</em></span> <span class='ocrx_word' id='word_1_294' title='bbox 1141 4108 1207 4161; x_wconf 88' lang='lat' dir='ltr'><strong>deus</strong></span> <span class='ocrx_word' id='word_1_295' title='bbox 1225 4124 1300 4160; x_wconf 87' lang='lat' dir='ltr'><strong>ruens</strong></span> 
     </span>
     <span class='ocr_line' id='line_1_35' title="bbox 151 4197 1300 4268; baseline -0.006 -12"><span class='ocrx_word' id='word_1_296' title='bbox 151 4204 218 4258; x_wconf 84' lang='lat' dir='ltr'><strong>deur</strong></span> <span class='ocrx_word' id='word_1_297' title='bbox 237 4219 314 4258; x_wconf 87' lang='lat' dir='ltr'><strong>meus</strong></span> <span class='ocrx_word' id='word_1_298' title='bbox 328 4203 356 4257; x_wconf 85' lang='lat' dir='ltr'><em>R</em></span> <span class='ocrx_word' id='word_1_299' title='bbox 376 4201 436 4256; x_wconf 83' lang='lat' dir='ltr'><strong>edd.</strong></span> <span class='ocrx_word' id='word_1_300' title='bbox 500 4201 534 4255; x_wconf 84' lang='lat'><strong>23</strong></span> <span class='ocrx_word' id='word_1_301' title='bbox 554 4215 635 4254; x_wconf 90' lang='lat' dir='ltr'><strong>unum</strong></span> <span class='ocrx_word' id='word_1_302' title='bbox 656 4207 670 4253; x_wconf 80' lang='lat' dir='ltr'><strong>e</strong></span> <span class='ocrx_word' id='word_1_303' title='bbox 690 4200 722 4252; x_wconf 86' lang='lat' dir='ltr'><strong>de</strong></span> <span class='ocrx_word' id='word_1_304' title='bbox 742 4200 766 4252; x_wconf 88' lang='grc' dir='ltr'><em>Τ</em></span> <span class='ocrx_word' id='word_1_305' title='bbox 820 4200 853 4252; x_wconf 76' lang='grc'><strong>21</strong></span> <span class='ocrx_word' id='word_1_306' title='bbox 873 4198 1019 4268; x_wconf 87' lang='lat' dir='ltr'><strong>propositis</strong></span> <span class='ocrx_word' id='word_1_307' title='bbox 1039 4197 1226 4266; x_wconf 88' lang='lat' dir='ltr'><strong>questionibus</strong></span> <span class='ocrx_word' id='word_1_308' title='bbox 1245 4198 1300 4250; x_wconf 89' lang='lat' dir='ltr'><strong>tuis</strong></span> 
     </span>
     <span class='ocr_line' id='line_1_36' title="bbox 154 4289 671 4360; baseline -0.01 -13"><span class='ocrx_word' id='word_1_309' title='bbox 154 4295 179 4347; x_wconf 84' lang='lat' dir='ltr'><em>T</em></span> <span class='ocrx_word' id='word_1_310' title='bbox 252 4292 398 4346; x_wconf 85' lang='lat' dir='ltr'><strong>uicesimus</strong></span> <span class='ocrx_word' id='word_1_311' title='bbox 417 4291 519 4360; x_wconf 91' lang='lat' dir='ltr'><strong>primus</strong></span> <span class='ocrx_word' id='word_1_312' title='bbox 541 4289 595 4342; x_wconf 86' lang='lat' dir='ltr'><strong>GT</strong></span> <span class='ocrx_word' id='word_1_313' title='bbox 612 4290 671 4343; x_wconf 85' lang='lat' dir='ltr'><strong>edd.</strong></span> 
     </span>
    </p>
   </div>
   <div class='ocr_carea' id='block_1_6' title="bbox 0 0 1550 4959">
    <p class='ocr_par' dir='ltr' id='par_1_6' title="bbox 0 0 1550 4959">
     <span class='ocr_line' id='line_1_37' title="bbox 0 0 1550 4959; baseline 0 0"><span class='ocrx_word' id='word_1_314' title='bbox 0 0 1550 4959; x_wconf 95' lang='lat' dir='ltr'><strong> </strong></span> 
     </span>
    </p>
   </div>
  </div>
 </body>
</html>
