3092 4959
284 369 351 433 258
639 367 665 420 S.
695 365 832 420 Aureli
862 366 1076 436 Augustini

284 564 430 644 possunt,
458 564 512 628 uel
540 560 717 637 ostendant,
746 560 775 626 si
804 560 880 643 quid
909 561 948 626 de
975 561 1035 626 hac
1063 581 1096 625 re
1123 561 1175 625 uel
1204 565 1290 626 certa
1318 561 1426 626 ratione

283 668 466 732 didicerunt
488 667 540 733 uel
564 668 765 750 apertissimo
790 668 898 733 diuino
923 667 1048 750 eloquio
1073 667 1283 732 crediderunt.
1308 667 1426 732 sienim

283 775 365 841 ratio
399 777 508 840 contra
540 775 720 839 diuinarum
759 775 987 859 scripturarum
1026 775 1248 840 auctoritatem
1286 774 1425 839 redditur.

285 881 463 964 quamlibet
490 885 583 946 acuta
611 882 663 960 sit,
691 882 776 946 fallit
803 881 871 946 ueri
901 881 1126 958 similitudine3
1160 901 1232 946 nam
1264 900 1342 946 uera
1368 899 1426 944 esse

283 1008 347 1052 non
371 992 488 1073 potest.
512 1009 623 1054 rursus
648 991 676 1054 si
698 988 980 1054 manifestissimae
1011 991 1178 1071 certaeque
1206 987 1321 1052 rationi
1348 987 1458 1051 uclnts

285 1096 515 1177 scripturarum
539 1099 718 1161 sanctarum
743 1096 881 1161 obicitur·
905 1096 1088 1172 auctoritas,
1107 1115 1168 1162 non
1191 1095 1360 1178 intellegit,
1383 1093 1426 1176 qui

285 1202 346 1266 hoc
382 1202 469 1282 facit,
503 1205 535 1267 et
566 1223 627 1268 uon
666 1202 897 1285 scripturarum
934 1202 1060 1266 illarum
1100 1221 1239 1275 sonsum,
1274 1201 1313 1265 ad
1346 1219 1426 1283 quem

284 1312 450 1390 penetrare
470 1328 531 1374 non
550 1310 665 1392 potuit,
686 1307 743 1374 sed
762 1328 858 1372 suum
875 1308 984 1390 potius
1004 1309 1103 1374 obicit
1121 1309 1260 1383 ueritati,
1280 1325 1336 1372 nec
1356 1303 1427 1388 quod

284 1416 317 1480 in
342 1414 399 1491 eis,
425 1415 480 1479 sed
505 1415 590 1498 quod
613 1417 644 1479 in
670 1435 703 1481 se
727 1416 798 1498 ipso
824 1415 916 1480 uelut
937 1434 993 1497 pro
1018 1415 1064 1479 eis
1087 1415 1220 1491 inuenit,
1244 1414 1383 1497 opponit.

240 1519 262 1582 8
331 1522 474 1605 Exempli
497 1523 600 1608 grstia
624 1509 794 1606 diligenter
812 1521 947 1586 adtende
971 1522 1056 1604 quod
1080 1522 1191 1587 dicam.
1216 1522 1369 1604 scriptum
1388 1521 1458 1582 esto

285 1647 383 1712 prope
406 1629 501 1693 finem
524 1629 608 1707 libri,
633 1629 688 1711 qui
710 1631 845 1693 uocatur
876 1630 1090 1706 ecclesiastes,
1115 1647 1187 1693 cum
1216 1629 1254 1693 de
1283 1627 1427 1692 solutione

287 1734 437 1814 hominis,
467 1755 548 1818 quae
574 1737 611 1800 fit
640 1755 696 1818 per
723 1740 859 1800 mortem
887 1736 993 1811 istam,
1018 1755 1080 1818 qua
1109 1735 1268 1801 dirimitur
1295 1735 1427 1798 animas

289 1860 430 1924 corpore,
459 1844 616 1925 scriptura
647 1844 849 1925 loqueretur:
882 1844 928 1906 Et
961 1845 1209 1908 concertatur
1240 1842 1369 1925 puluis
1397 1839 1426 1901 in

284 1951 433 2013 terram.
459 1949 561 2014 siout
582 1949 668 2028 fuit,
688 1956 724 2014 ct
748 1949 911 2032 spiritus
931 1953 1149 2014 reuertatur
1169 1949 1211 2013 ad
1231 1949 1348 2022 deum,
1373 1943 1427 2027 qui

286 2054 392 2119 dedit
425 2075 517 2120 eum.
551 2057 710 2121 sententia
736 2055 833 2119 huius
863 2056 1065 2120 auctoritatis
1093 2055 1203 2139 procul
1232 2055 1327 2120 dubio
1356 2055 1460 2118 cortun

285 2167 416 2226 estnec
441 2181 631 2244 quemquam
656 2162 777 2244 decipit
799 2161 956 2238 falsitate3
982 2162 1039 2226 sed
1063 2162 1090 2226 si
1119 2161 1278 2244 quispiam
1302 2157 1428 2226 uoluerit

289 2287 358 2332 eam
382 2268 429 2333 sic
451 2268 661 2352 interpretari.
686 2268 818 2332 atinde
848 2269 1020 2332 animarum
1050 2257 1266 2351 propaginem,
1294 2265 1375 2348 quod
1400 2281 1429 2326 or

288 2394 351 2438 una
369 2375 435 2450 illa,
451 2394 545 2457 quam
565 2375 643 2440 deus
660 2375 761 2458 primo
777 2374 898 2439 homini
918 2373 1015 2452 dedit,
1031 2393 1139 2439 omnes
1160 2378 1282 2438 ceterae
1303 2373 1429 2438 ueniant.

287 2484 420 2546 conetur
447 2481 619 2551 adstruere.
648 2480 777 2546 uidetur
804 2481 851 2545 illi
881 2481 1057 2564 suffragari,
1086 2482 1170 2564 quod
1202 2481 1246 2545 ibi
1280 2480 1317 2544 de
1348 2495 1429 2544 curuo

287 2571 408 2652 dictum
434 2592 485 2653 est
506 2588 649 2670 pulueris
672 2589 799 2652 nomine
824 2625 867 2634 —
892 2607 962 2652 nam
987 2589 1098 2670 utiquo
1122 2588 1229 2670 puluis
1253 2591 1285 2652 et
1308 2587 1462 2668 spirituas

288 2694 368 2758 nihil
396 2695 484 2759 aliud
510 2695 571 2759 hoc
599 2696 669 2759 loco
698 2714 793 2777 quam
822 2713 893 2758 caro
919 2697 951 2758 et
979 2695 1083 2758 anima
1104 2694 1304 2780 intellegitur
1325 2730 1378 2768 —,
1399 2694 1429 2754 nt

289 2818 325 2865 eo
358 2801 452 2865 modo
486 2801 632 2865 adfirmet
663 2801 801 2865 animam
838 2801 956 2866 reuerti
993 2801 1032 2865 ad
1069 2800 1174 2880 deum,
1208 2801 1294 2882 quod
1326 2799 1367 2864 sit
1398 2797 1429 2859 de

287 2907 419 2972 traduce
446 2907 534 2972 illius
559 2908 691 2985 animae,
716 2907 939 2989 quamprimo
966 2907 1087 2972 homini
1116 2907 1204 2971 dedit
1231 2906 1320 2982 deus,
1343 2923 1429 2988 quem

288 3014 328 3077 ad
352 3014 482 3080 modum
506 3015 704 3078 conuertitur
726 3031 797 3077 caro
821 3014 1001 3093 interram,
1026 3032 1097 3078 cum
1121 3014 1166 3079 sit
1188 3015 1283 3078 etiam
1307 3014 1376 3094 ipsa
1398 3011 1430 3073 de

380 3257 413 3312 13
433 3256 523 3311 Eccle.
545 3257 588 3324 12,
607 3257 621 3309 7

325 3381 388 3433 ire
407 3379 504 3434 ooaO
600 3377 812 3434 31eddaturG
909 3381 1133 3448 dascutatscc't
1157 3380 1431 3446 c)Maucta.oa1

286 3484 357 3523 coar.
376 3469 481 3522 inuicta
502 3469 528 3523 G
653 3471 670 3523 5
690 3473 833 3538 oranteque
853 3470 954 3522 rationi
973 3473 1057 3537 (poet.
1081 3470 1090 3522 i
1116 3487 1149 3522 m.
1170 3469 1312 3524 aaaron.
1331 3469 1391 3535 11.)
1410 3465 1432 3518 P

289 3558 406 3627 lquam
428 3558 454 3612 G
543 3557 914 3616 8ne.m.1corr.necG
1004 3558 1188 3613 9seom.G
1283 3555 1433 3629 apponitP

288 3647 407 3715 exponit,
425 3665 460 3701 m.
480 3651 496 3699 1
513 3662 582 3701 corr.
602 3646 716 3716 opponit
735 3646 761 3700 θ
847 3647 879 3700 10
898 3646 1031 3701 adtendat
1051 3645 1077 3702 G
1151 3647 1181 3700 11
1203 3648 1346 3710 solatione,
1364 3663 1397 3698 m.
1415 3646 1432 3694 2

288 3735 426 3790 solutione
444 3735 481 3789 P¹
537 3736 571 3788 12
590 3752 606 3789 a
624 3751 674 3790 om.
694 3735 732 3788 Μ
747 3738 792 3797 (m.
812 3739 832 3788 2
853 3735 929 3802 add.)
947 3735 981 3789 K
1035 3737 1069 3791 14
1088 3739 1160 3790 terra
1178 3735 1217 3788 P¹
1277 3738 1310 3790 15
1330 3738 1431 3789 senten·

287 3823 327 3877 tie
349 3823 374 3878 G
436 3823 607 3879 auctoritatis
628 3829 652 3890 (s
670 3839 726 3876 rao.
746 3829 771 3876 et
790 3838 859 3877 corr.
878 3841 913 3878 m.
934 3827 967 3886 2,-
978 3825 1076 3893 faitna
1094 3825 1124 3888 b;
1145 3822 1172 3894 1)
1189 3825 1227 3879 Μ
1244 3825 1389 3879 auctoritas
1409 3819 1431 3874 G

290 3913 323 3966 16
342 3911 462 3983 decipiet
482 3912 509 3968 θ
580 3913 702 3966 falsitate
721 3928 856 3966 sacoaras.
874 3929 958 3982 cuper
977 3930 990 3966 e
1008 3913 1046 3966 Μ
1062 3913 1183 3967 falsitate
1202 3913 1236 3967 K
1325 3913 1355 3966 11
1374 3927 1432 3982 pro-

288 4002 403 4070 pagines
420 4001 458 4055 M
473 4002 622 4071 propagine
641 4001 668 4054 A
759 4001 793 4054 18
811 4001 860 4054 illa
879 4017 932 4055 una
949 4001 1010 4056 edd.
1088 4005 1161 4055 certe
1179 4002 1217 4056 Μ
1308 4003 1338 4056 19
1356 3999 1430 4053 uidei

289 4092 334 4156 (=
354 4088 538 4160 uideruutlt‘
580 4091 615 4145 20
634 4091 708 4159 nam]
730 4107 783 4143 non
803 4091 830 4144 P
875 4093 907 4144 21
928 4091 1019 4144 anima
1037 4094 1066 4144 et
1084 4107 1146 4145 caro
1165 4091 1225 4146 edd.
1272 4087 1432 4160 221111111-

289 4177 378 4231 firmet
398 4177 424 4232 G
496 4179 597 4232 reuerti
614 4179 635 4245 (i
653 4196 689 4232 m.
708 4182 728 4231 2
745 4178 778 4232 in
796 4195 852 4232 raa.
874 4179 940 4245 41.)
954 4178 991 4232 P¹
1041 4181 1076 4234 24
1096 4180 1260 4248 conpatitur,
1278 4198 1311 4234 aa
1332 4183 1345 4232 1
1366 4193 1431 4232 corr.

289 4268 460 4320 conuertitur
479 4266 506 4321 G
577 4269 637 4338 ipsa
654 4267 754 4322 om.G
