3092 4959
523 391 790 459 epistularum
818 390 886 444 CLl.
1212 394 1274 456 391

121 586 252 650 crimine
279 588 473 654 notarentur.
503 585 558 649 sed
586 588 710 649 teritum
739 584 1029 658 commonitorium,
1063 604 1125 666 quo
1155 604 1209 650 eos
1237 586 1277 649 ab

121 685 209 757 o'mni
246 692 394 757 molestis
429 692 547 757 liberos
585 691 745 755 dimittere
787 692 961 756 iuberetur.
1004 692 1144 775 gratuita
1178 692 1279 777 igitur

121 800 311 865 crudelitate
339 799 427 863 nulla
455 799 657 876 necessitate,
692 798 841 880 quamuis
871 802 903 862 et
931 798 1010 862 91199
1039 816 1164 875 causae,
1198 816 1277 879 quas

120 906 323 989 suspicamur
345 925 402 971 nec
426 924 506 988 opus
531 908 581 971 ost
604 905 804 970 committere
827 904 957 979 litteris,
986 904 1119 969 forsitan
1147 904 1276 979 1991191,

90 1012 504 1079 9911991191999111919911
532 1012 712 1084 ecclesiam,
746 1011 786 1075 ad
815 1012 908 1076 cuius
936 1012 1090 1077 ecclesiae
1119 1012 1275 1095 gremium

118 1120 217 1185 frater
244 1120 313 1185 eius
336 1124 488 1185 metucns
516 1120 617 1202 perire
648 1118 845 1203 confugerat,
880 1123 918 1183 ut
945 1138 1018 1183 enm
1051 1120 1164 1183 uiuum
1197 1120 1277 1183 fanti

118 1227 248 1293 sceleris
272 1228 488 1293 consiliarium
512 1227 675 1309 reperiret,
699 1226 792 1291 cuius
812 1227 967 1291 ecclesiae
991 1227 1087 1291 etiam
1109 1226 1179 1309 ipse
1203 1244 1275 1290 cunr
1332 1241 1336 1249 ·

117 1338 287 1416 patronum
312 1334 507 1409 offendisset,
534 1334 653 1416 petiuit
676 1334 831 1399 auxilium
854 1354 912 1398 nec
936 1334 964 1398 ei
988 1334 1095 1417 potuit
1117 1333 1275 1417 denegari.

118 1443 205 1507 hunc
223 1442 251 1507 si
271 1440 390 1525 diligis,
416 1440 588 1519 detestare3
614 1442 641 1507 si
661 1460 721 1505 nou
742 1441 805 1518 uis,
825 1443 863 1505 ut
880 1442 912 1504 in
933 1444 1096 1505 aeternum
1116 1440 1275 1522 puniatur,

74 1570 99 1607 10
117 1549 259 1613 exhorre.
280 1548 326 1613 sic
346 1548 572 1613 existimationi
591 1552 676 1623 tuas,
697 1548 744 1612 sic
760 1554 811 1613 cst
823 1548 911 1613 uitae
924 1547 1014 1612 illius
1029 1546 1274 1615 consulendum:

117 1674 190 1718 nam
216 1654 270 1737 qui
294 1654 325 1718 19
349 1673 385 1718 99
411 1654 527 1738 diligit,
552 1654 636 1736 quod
660 1654 728 1718 odit
751 1654 840 1733 dous,
863 1672 923 1717 nnn
949 1653 1054 1717 solum
1079 1652 1148 1717 odit
1167 1652 1274 1733 ipsum

118 1762 174 1825 sed
199 1762 295 1826 ctiam
320 1780 353 1825 99
377 1762 494 1845 ipsum.

32 1862 69 1922 ¹2
164 1866 253 1947 Quae
286 1888 358 1933 cum
391 1869 437 1932 119
470 1868 544 1940 9191,
578 1887 636 1933 999
670 1868 708 1933 de
741 1872 797 1933 tua
824 1866 1021 1951 benignitate
1051 1867 1157 1947 credo,
1190 1868 1275 1950 quod

116 1976 197 2040 tanti
231 1974 359 2041 sceleris
393 1979 506 2040 auctor
537 1975 590 2039 uel
627 1976 787 2057 particeps
823 1975 921 2039 fueris
958 1992 1079 2055 nosque
1115 1975 1276 2039 malitiosa

72 2082 308 2147 1scr11dslitate
335 2082 496 2158 fefelleris,
527 2083 610 2165 qrrod
640 2083 765 2146 absita
789 2082 915 2147 911991
941 2081 1084 2146 moribus
1112 2081 1188 2157 1919,
1217 2102 1274 2145 999

116 2188 276 2255 9911911199
299 2192 423 2255 9991199
446 2190 529 2253 19199
553 2189 639 2263 9919,
663 2188 780 2271 quibus
805 2188 914 2253 911119
937 2188 969 2253 11
993 2207 1086 2253 suum
1109 2188 1274 2252 interitum

116 2296 274 2379 glorietur
301 2296 339 2359 de
367 2296 451 2360 malo
477 2298 509 2360 91
533 2294 736 2359 confirmetur
763 2296 902 2359 humana
930 2296 1082 2378 suspicio,
1110 2295 1168 2359 sed
1193 2296 1274 2359 tales

115 2402 236 2485 potius,
262 2403 377 2485 quibus
402 2402 441 2467 ad
464 2403 691 2485 paenitentiam
715 2401 892 2485 deponatur
914 2403 1066 2466 91191919
1091 2420 1127 2466 99
1150 2404 1272 2467 1991919

115 2508 356 2592 paenitentiam,
389 2509 515 2592 qualem
553 2511 768 2589 quantamque
810 2508 977 2591 postulant
1012 2512 1078 2572 1919
1119 2507 1274 2573 horrenda

69 2637 97 2678 ao
115 2615 250 2681 uulnera
285 2616 484 2681 medicinam.
520 2617 609 2681 tanto
647 2616 765 2698 quippe
801 2615 851 2680 illi
888 2616 1019 2681 amicior
1055 2614 1117 2680 eris
1154 2620 1272 2699 quanto

116 2722 291 2787 sceleribus
320 2722 389 2787 eius
417 2722 585 2787 inimicior.
615 2722 709 2806 cupio
734 2740 808 2787 sane
835 2723 1048 2805 praestantiae
1076 2727 1150 2787 tuae
1177 2743 1272 2789 nosse

115 2830 292 2912 rescriptis,
326 2830 381 2893 ubi
410 2848 446 2894 99
475 2830 525 2893 die
558 2829 669 2908 fueris,
703 2848 765 2911 quo
797 2829 880 2894 illnd
912 2830 1087 2895 admissum
1117 2833 1176 2906 991,
1210 2850 1271 2913 quo

115 2936 211 3003 modo
236 2936 406 3020 acceperis,
431 2936 507 3019 quid
530 2940 644 3019 postea
667 2937 780 3021 egeris,
811 2941 920 3001 utrum
944 2956 1016 3001 eum
1040 2937 1172 3012 uideris,
1197 2938 1272 3019 quid

117 3044 145 3107 91
166 3044 294 3119 dixeris,
313 3042 390 3126 quid
409 3044 447 3108 ab
466 3044 523 3108 illo
544 3044 693 3108 audieris.
713 3064 771 3127 ego
792 3044 874 3109 enim
896 3064 931 3108 er
946 3064 1007 3126 quo
1026 3044 1099 3108 inde
1117 3044 1271 3128 postridie

83 3152 247 3232 crepante
267 3149 412 3228 discessi,
436 3150 526 3229 nihil,
551 3151 637 3233 quod
657 3150 695 3215 ad
715 3151 797 3215 hanc
815 3170 881 3216 rem
902 3151 1032 3230 adtinet,
1054 3152 1092 3216 de
1111 3156 1143 3215 te
1163 3152 1272 3217 audire

113 3257 216 3341 potui.
1043 3259 1048 3269 “

44 3368 56 3389 ·’
161 3348 256 3441 Quod
282 3384 357 3431 9919
386 3366 417 3429 19
447 3365 586 3447 epistula
613 3369 670 3431 tua
696 3367 761 3452 legi
788 3368 853 3431 iam
877 3371 910 3432 te
933 3369 1004 3453 cogi
1030 3368 1167 3445 credere,
1191 3388 1273 3433 nea

114 3491 166 3534 me
195 3470 359 3537 uidereris.
393 3476 425 3538 91
448 3473 630 3558 Carthagini
653 3495 705 3539 me
729 3478 891 3559 negatum,
916 3480 952 3540 tu
976 3476 1083 3559 potius
1108 3477 1197 3561 cogis
1220 3476 1271 3541 his

113 3577 234 3655 uerbis,
267 3582 305 3643 91
332 3580 494 3644 absentiae
527 3600 615 3645 meae
649 3601 761 3647 causas
795 3602 855 3646 non
888 3588 1022 3647 taceam.
1057 3603 1189 3666 quarum
1223 3588 1273 3647 991

150 3772 168 3823 2
186 3768 335 3833 iuberetur,
354 3772 385 3825 in
404 3788 489 3841 marc.
509 3772 543 3827 al.
565 3772 723 3826 iuberentur
742 3776 777 3828 lr
886 3776 903 3828 8
922 3774 1022 3828 9111919
1047 3774 1103 3828 VU
1123 3776 1165 3844 (in
1183 3792 1269 3844 marg.

114 3858 233 3927 asylum)
252 3860 354 3928 asylum
374 3878 400 3913 m
475 3862 507 3915 10
528 3862 683 3915 exhorrelllll
704 3865 770 3929 (raa.
791 3868 864 3917 1—2
883 3866 911 3931 l.)
931 3864 958 3916 P
1025 3862 1275 3917 11919999911117

115 3948 149 4001 14
169 3948 284 4015 nosque!
304 3954 510 4019 9999991191
529 3965 598 4006 corr.
618 3966 721 4021 nosque
742 3952 769 4004 P
786 3968 874 4020 neque
895 3950 967 4020 quod
990 3951 1046 4005 VU
1062 3952 1122 4005 edd.
1162 3953 1195 4004 15
1215 3968 1271 4005 cre·

113 4036 233 4090 dulitatc
257 4036 284 4090 U
338 4038 371 4090 18
390 4036 552 4107 disponatur
574 4038 629 4092 Vt*
645 4042 719 4107 edd.,·
737 4043 772 4109 cf.
787 4057 826 4108 ep.
849 4040 1028 4094 CCXXXII
1046 4044 1064 4093 6
1082 4042 1121 4094 in.
1177 4040 1271 4093 201111

113 4142 165 4181 om.
190 4124 246 4179 Vt*
262 4127 320 4180 cdd.
403 4128 435 4180 21
458 4128 537 4197 cupio
558 4130 634 4197 9999]
655 4129 789 4182 curiosum
811 4134 853 4184 est
877 4128 931 4183 Vt]
947 4132 999 4183 edd
1101 4130 1270 4199 praesentiae

113 4216 190 4271 cotlcl.
212 4216 268 4269 lar
286 4216 325 4282 (in
346 4232 431 4284 marg.
452 4220 649 4286 praestantiae)
687 4220 720 4271 23
740 4221 843 4289 utrum]
864 4223 990 4272 autenm
1016 4218 1071 4272 VU
1086 4220 1144 4273 edd.
1182 4220 1217 4271 21
1237 4219 1270 4271 ad

113 4319 165 4356 om.
191 4301 247 4356 VU
264 4303 309 4355 lm
