3092 4959
249 339 315 402 248
608 335 635 390 S.
663 335 801 390 Aureli
828 337 1048 406 Augustini

250 550 364 614 corpus
389 530 509 596 Christi
533 551 603 597 esse
628 531 707 596 dicit
731 532 910 609 eeclesiam,
933 532 1004 614 ipse
1026 532 1138 596 itidem
1166 531 1245 595 dicit
1271 530 1398 596 eandem

250 637 418 702 ecclesiam
444 656 514 702 esse
538 637 668 702 domum
693 637 753 702 dei.

205 741 224 804 2
296 743 358 810 Sed
386 745 463 810 haee
491 744 605 810 domus
634 763 696 810 non
730 744 814 810 orbis
847 749 949 809 terrae
981 763 1043 809 uno
1077 744 1192 829 angulo
1222 743 1404 809 aedificatur

251 851 306 916 sed
334 870 390 935 per
419 869 545 916 omnem
573 855 697 917 terrem.
731 852 815 916 unde
847 852 903 916 ille
934 854 1090 935 psalmus,
1117 852 1148 914 in
1183 851 1275 915 ouius
1307 851 1402 915 titulo

250 958 383 1042 legitur:
405 957 560 1038 Quando
582 958 711 1024 domus
728 959 1404 1041 aedificabaturposicaptiuitatem,
1438 981 1451 1018 s

252 1065 298 1129 sic
327 1065 452 1146 incipit:
488 1065 647 1131 (lentate
677 1066 825 1131 domino
856 1067 1048 1131 canticum
1076 1085 1224 1143 nouum,
1254 1069 1405 1129 cantate

253 1170 413 1248 domino,
444 1173 562 1237 omnis
590 1176 701 1238 terra.
729 1174 761 1236 in
791 1175 954 1239 uetustate
982 1173 1099 1254 quippe
1126 1172 1246 1236 ueteris
1269 1171 1406 1236 hominis

253 1278 361 1342 orbem
392 1283 493 1344 terrae
523 1279 668 1344 diabolus
702 1280 933 1362 captiuauerat3
966 1283 1041 1361 post
1072 1281 1153 1344 hanc
1185 1279 1406 1362 captiuitatem

253 1403 326 1448 cum
364 1385 548 1451 aedificatur
586 1387 710 1466 domus,
748 1388 912 1452 renouatio
954 1385 1099 1450 fidelium
1140 1385 1339 1469 significatur
1374 1386 1407 1448 in

253 1492 380 1556 homine
410 1512 501 1558 noue.
530 1494 613 1558 unde
648 1492 725 1558 dicii
757 1494 939 1575 apostolus:
972 1494 1107 1557 Eruitc
1140 1511 1208 1557 uos
1242 1497 1407 1556 ueterem
1429 1519 1456 1557 ιο

255 1599 440 1664 hominem
485 1603 521 1664 et
561 1600 709 1664 induite
751 1619 900 1679 nouum,
947 1600 1010 1683 qui
1051 1599 1257 1663 secundum
1299 1599 1407 1664 deum

255 1708 406 1770 oreatus
437 1710 503 1771 est.
532 1709 564 1770 et
592 1707 666 1788 quia
693 1709 752 1772 hoc
782 1725 837 1789 per
865 1726 992 1771 omnem
1019 1710 1132 1770 terram
1162 1705 1199 1769 fit
1225 1706 1258 1769 in
1285 1705 1408 1769 unitate

255 1811 423 1888 catholiea,
444 1812 528 1876 sicut
551 1813 582 1876 in
603 1813 809 1895 aliopselmo
829 1813 1036 1877 dictumest:
1060 1813 1105 1877 ut
1128 1831 1241 1894 super
1264 1830 1407 1875 omnem

255 1923 392 1982 terram
416 1919 541 2001 gloria
564 1921 637 2000 tua,
663 1920 708 1984 sie
732 1920 763 1984 in
788 1920 862 1996 isto,
882 1939 956 1984 oum
975 1919 1098 1983 dictum
1121 1923 1221 1984 esset:
1247 1918 1407 1983 Cantate

256 2025 405 2090 domino
426 2026 616 2090 canticum
636 2045 782 2107 nouum,
802 2028 839 2090 nt
857 2027 1133 2104 demonstraretur,
1149 2026 1272 2108 quando
1292 2025 1406 2089 domus
1430 2050 1456 2089 ιε

255 2132 439 2197 aedificatur
471 2133 503 2196 in
534 2133 597 2197 isto
631 2133 754 2198 cantico
788 2152 881 2213 nouo,
914 2133 1063 2198 contiuuo
1101 2133 1307 2196 subiunctum
1340 2136 1407 2196 est:

257 2239 414 2304 Cantaie
443 2239 603 2316 domino,
633 2239 751 2304 omnis
779 2242 890 2304 terra.
919 2241 1077 2322 operarios
1106 2242 1223 2313 sutem,
1247 2259 1303 2321 per
1323 2259 1408 2320 quos

255 2347 318 2410 iste
340 2351 406 2410 tam
429 2365 545 2430 magna
569 2346 682 2411 domus
710 2347 905 2428 aedificatur,
928 2346 1011 2410 idem
1042 2347 1185 2430 psalmus
1214 2347 1407 2422 exhortatur,

256 2472 328 2517 cum
349 2456 576 2534 consequenter
595 2452 685 2518 dicit:
710 2454 808 2518 Bene
834 2453 1006 2518 nuntiate
1031 2453 1074 2516 de
1094 2453 1157 2516 die
1177 2472 1216 2524 er
1237 2452 1291 2516 die
1309 2452 1409 2516 salu·

255 2563 335 2624 tare
368 2559 464 2636 eius;
503 2560 726 2625 adnuntiate
758 2560 794 2624 in
829 2561 1007 2645 gentibus
1045 2560 1203 2644 gloriam
1242 2559 1334 2624 eius.
1368 2559 1405 2621 in
1427 2585 1453 2621 ε)

257 2666 428 2731 omnibus
466 2666 618 2749 populis
657 2666 849 2731 mirabilia
885 2667 977 2732 eius.
1015 2671 1048 2730 et
1078 2667 1174 2748 paulo
1207 2669 1282 2749 post
1311 2665 1406 2730 dicit:

256 2773 417 2837 Adferte
460 2773 617 2849 domino,
660 2774 806 2855 patriae
848 2775 1027 2858 gentium,
1069 2773 1215 2837 adferte
1257 2771 1406 2837 domino

258 2880 418 2964 gloriam
443 2883 479 2944 et
501 2879 687 2944 honorem.

213 2987 232 3049 3
299 2986 360 3051 His
385 2989 479 3068 atque
502 2986 598 3051 huius
622 2985 708 3050 modi
727 2986 920 3050 testimoniis
938 2989 1046 3050 tantae
1064 2986 1160 3050 huius
1180 2985 1304 3062 domus,
1324 3004 1407 3066 quse

349 3231 529 3294 liliano,
552 3231 584 3283 15
640 3231 816 3295 5Ps.95‚l
876 3231 908 3284 10
927 3231 996 3300 Eph.
1012 3231 1099 3296 4,22;
1119 3231 1155 3284 24
1207 3231 1407 3296 13Ps.5e,1·2

260 3320 293 3374 19
312 3320 357 3376 Ρε.
377 3320 421 3382 95,
442 3320 525 3384 2-3;
546 3322 562 3374 7

296 3447 308 3499 l
330 3446 398 3500 dicit
417 3463 474 3499 esse
494 3445 520 3498 U
594 3445 655 3514 ipsa
673 3444 768 3498 itidem
789 3443 856 3497 dicii
876 3443 988 3497 eandem
1008 3444 1160 3512 ecclesium]
1182 3443 1295 3498 eandem
1312 3443 1407 3498 caete

259 3553 309 3591 om.
335 3535 361 3589 U
468 3535 609 3589 ecelesiam
634 3533 746 3588 eandem
772 3535 798 3587 V
817 3535 878 3587 cdd.
989 3534 1019 3587 ll
1046 3533 1158 3602 nouum]
1182 3550 1243 3587 curn
1271 3532 1324 3588 VU
1344 3530 1405 3587 edd.

261 3627 296 3678 14Ὶ
313 3628 386 3678 terra
404 3624 431 3677 P
497 3623 532 3676 20
551 3623 640 3691 gloria
658 3622 686 3675 P
752 3623 786 3676 23
803 3628 867 3693 post
885 3622 1014 3675 honorem
1033 3624 1065 3676 in
1083 3621 1162 3676 codd.
1180 3623 1318 3692 sequitur:
1336 3639 1406 3691 quae

260 3717 297 3768 sit
314 3715 382 3768 haec
401 3713 480 3778 (hanc
499 3713 536 3777 P)
557 3713 652 3767 doinus
671 3713 699 3766 id
719 3717 762 3765 est
782 3714 897 3766 ecclesia
916 3712 1052 3766 catholica
1071 3713 1125 3766 alio
1145 3713 1173 3765 in
1192 3712 1252 3767 loeo
1271 3713 1299 3765 id
1318 3712 1404 3765 estin

259 3803 433 3873 responsione
462 3803 548 3872 prims
576 3804 669 3856 contra
697 3803 859 3871 petilianum
888 3801 956 3854 dicit
986 3799 1052 3866 (dixi
1083 3800 1106 3853 V
1108 3800 1135 3856 U
1160 3801 1247 3867 ecda
1270 3818 1317 3871 pro
1339 3817 1405 3870 pace

260 3893 354 3945 christi
377 3890 465 3944 redite
488 3890 586 3960 (redire
609 3891 645 3957 P)
670 3891 705 3945 ad
728 3890 868 3944 eeclesiam
893 3907 961 3959 quae
984 3907 1037 3943 non
1062 3888 1204 3943 damnauit
1225 3890 1364 3958 incognita
1379 3888 1403 3940 si

259 3997 307 4050 pro
331 3996 397 4050 pace
421 3979 515 4033 donati
538 3980 642 4050 placuit
664 3993 791 4032 reuocare
815 3978 951 4032 damnat-e.
974 3979 1047 4033 idem
1070 3979 1241 4034 estiatur.
1261 3980 1310 4046 qai
1331 3977 1406 4032 lom

261 4085 321 4123 cunr
345 4071 460 4138 tepentes
483 4076 590 4122 resecet
614 4067 652 4122 ad
676 4069 693 4123 1.
713 4069 733 4121 Ι
753 4074 852 4121 contra
876 4068 928 4121 litt.
951 4069 1090 4121 Petiliam'
1111 4085 1132 4122 c.
1157 4071 1193 4121 14
1217 4070 1288 4134 (13),
1305 4067 1407 4134 optino

260 4161 320 4212 iuro
338 4159 472 4214 Maurici
491 4177 550 4213 eum
569 4164 772 4227 capesserent,
790 4160 863 4212 cocle
882 4165 974 4210 tameo
991 4160 1180 4212 retinuerunt:
1199 4175 1268 4226 quoe
1286 4157 1323 4210 sit
1338 4155 1407 4208 lineo

262 4251 356 4302 domus
376 4249 403 4300 id
423 4252 466 4302 est
485 4248 599 4302 ecclesie
618 4247 761 4314 catholice,
781 4249 834 4302 alio
854 4249 912 4302 loco
933 4247 987 4300 diri
1041 4247 1076 4300 24
1095 4247 1188 4300 tente'
1208 4247 1237 4300 P
