3092 4959
394 380 662 450 epistularum
692 379 839 436 colvm,
868 381 985 437 CLXIX.
1200 385 1264 449 611

107 595 178 640 crus
208 575 416 642 abiecerimus
446 576 571 654 erroris,
601 575 632 640 iu
662 577 722 640 hoc
751 576 848 640 etiam
876 597 960 641 nuuc
984 578 1103 662 gratias
1128 577 1266 659 agimus,

106 681 193 763 quod
212 683 300 760 haec,
325 701 405 765 quae
424 689 495 748 ante
516 683 721 759 credidimus,
745 701 829 748 nunc
852 684 924 747 aliis
948 683 1069 766 aperire
1094 683 1265 749 didicimus

105 788 194 853 uiam
227 788 392 854 facilitatis
425 789 571 855 uberiore
604 790 785 854 sanctitatis
818 794 892 854 tuae
925 810 1071 856 sermone
1099 791 1265 873 pandente.

152 895 209 978 [m
244 896 307 959 alia
334 893 459 982 meum]
488 896 685 960 incolumem
718 896 951 962 beatitudinem
981 901 1069 961 tuam
1101 898 1267 980 nostrique
1298 896 1301 902 '

73 1029 85 1066 s
107 1021 282 1068 memorem
306 1002 527 1067 misericordia
551 1002 602 1066 dei
625 1003 728 1068 nostri
752 1003 911 1088 glorificet
933 1004 965 1068 in
991 1009 1164 1068 aeteruum.

623 1213 760 1278 CLXIX.

14 1348 55 1410 ll
158 1353 193 1419 Si
222 1373 268 1428 ea,
299 1373 378 1436 quae
403 1375 453 1418 me
483 1355 585 1438 magis
614 1358 782 1438 occupant,
813 1375 831 1419 a
860 1356 976 1437 quibus
999 1357 1030 1420 in
1056 1356 1142 1420 aliud
1167 1357 1269 1420 auerti

110 1464 195 1540 nolo,
225 1463 379 1526 sauctitas
403 1465 459 1524 tua
483 1481 578 1525 nosse
602 1462 683 1524 tanti
707 1461 814 1542 habet,
838 1463 932 1526 mitte
956 1463 1106 1545 aliquem,
1131 1464 1185 1545 qui
1209 1463 1269 1527 tibi

109 1569 281 1634 describat.
310 1569 374 1632 iam
399 1569 483 1633 euim
508 1569 600 1650 plura
623 1569 763 1652 perfecta
788 1573 872 1647 suut,
903 1590 982 1652 quae
1007 1571 1067 1634 hoc
1092 1590 1172 1635 anuo
1197 1574 1269 1634 ante

61 1707 87 1744 ιο
110 1675 232 1758 pascha
258 1675 490 1758 propinquante
519 1675 765 1758 quadragesima
794 1695 810 1740 a
839 1677 931 1741 uobis
960 1677 1087 1740 fuerant
1109 1677 1269 1742 inchoata.

108 1801 184 1846 nam
217 1781 320 1847 tribus
352 1781 418 1844 illis
450 1781 540 1845 libris
575 1781 613 1845 de
648 1782 780 1846 ciuitate
813 1782 864 1846 dei
898 1791 1007 1847 contra
1035 1783 1269 1847 daemonicolas

109 1889 259 1954 inimicos
279 1889 347 1952 eius
368 1889 448 1952 duos
469 1888 549 1954 alios
568 1888 761 1964 addidimus,
782 1889 899 1971 quibus
919 1890 1058 1971 quinque
1077 1889 1168 1953 libris
1189 1889 1269 1954 satis

110 1997 314 2078 disputatum
334 1993 468 2060 arbitror·
487 1995 642 2060 aduersus
662 2015 728 2073 eos,
753 1996 806 2076 qui
832 2002 961 2079 propter
983 1996 1159 2080 praesentis
1184 1996 1271 2061 uitae

109 2103 300 2167 felicitatem
329 2101 404 2166 deos
434 2103 583 2167 colendos
611 2105 727 2185 putant
755 2121 888 2184 eamque
916 2103 1102 2167 felicitatem
1133 2123 1150 2166 a
1179 2103 1270 2166 nobis

64 2241 87 2277 n
109 2207 260 2291 impediri
293 2209 457 2291 opinantes
493 2208 673 2274 Christiano
706 2209 827 2272 nomini
860 2209 968 2273 infesti
1001 2214 1086 2273 sunt.
1121 2209 1270 2290 deinceps

111 2314 283 2379 dicendum
303 2319 362 2391 est,
388 2315 473 2380 sicut
490 2315 593 2398 primo
612 2315 694 2379 libro
715 2315 852 2397 polliciti
877 2335 1000 2391 sumus,
1025 2317 1179 2380 aduersus
1205 2335 1270 2391 eos,

112 2423 170 2504 qui
184 2425 312 2504 propter
326 2423 426 2486 uitam
446 2424 672 2504 postmortem
692 2422 834 2486 futuram
854 2421 1070 2486 necessarium
1089 2421 1272 2485 existimant

111 2530 238 2594 cultum
267 2529 396 2593 deorum
426 2549 567 2608 suornm,
597 2533 727 2612 propter
755 2548 850 2611 quam
880 2530 981 2594 uitam
1010 2548 1067 2593 nos
1098 2528 1270 2595 Christiani

207 2755 240 2808 16
260 2752 293 2807 dc
314 2753 365 2808 ciu.
386 2753 430 2806 dei
448 2753 462 2806 Ι
481 2754 516 2807 36

151 2880 164 2933 1
187 2878 334 2931 abiecimus
358 2877 385 2931 U
446 2877 533 2931 2hoo
551 2876 589 2929 L¹
608 2877 659 2931 hdo
680 2881 706 2945 (o
727 2885 798 2946 exp.)
824 2877 851 2931 U
926 2877 1081 2947 didicimus]
1103 2877 1221 2932 didimus
1248 2878 1274 2932 Γ

111 2971 128 3023 3
149 2967 308 3038 precidenda
327 2966 366 3021 F1
444 2967 461 3020 4
480 2967 627 3036 uestrique,
648 2983 680 3022 ru.
702 2969 722 3019 2
740 2967 882 3035 nostrique
900 2966 939 3019 ΡΙ
959 2983 1106 3036 nunquam,
1125 2984 1161 3023 m.
1181 2970 1201 3021 2
1220 2985 1269 3020 uo·

112 3058 220 3127 strique
236 3055 266 3110 F
318 3059 334 3108 ὁ
353 3071 485 3110 merorem
503 3057 541 3110 12¹
560 3072 669 3123 merem,
689 3072 723 3109 m.
745 3057 764 3107 2
782 3071 929 3108 memorem
948 3054 988 3107 F¹

225 3232 252 3284 P
277 3256 312 3277 =
332 3232 390 3286 cod.
410 3232 562 3285 Parisinus
579 3248 645 3285 accc.
666 3247 725 3298 aeq.
745 3234 824 3284 1444
842 3246 863 3284 s.
884 3230 939 3286 XI.

228 3319 253 3374 Τ
279 3344 313 3366 =
333 3320 391 3374 cod.
414 3319 555 3374 macanos
576 3325 616 3374 40
633 3337 654 3373 s.
675 3319 767 3372 XIII.

223 3407 258 3462 Η
279 3433 313 3453 =
335 3409 393 3462 cod.
413 3407 488 3462 Maca.
508 3408 581 3461 Brit.
601 3407 686 3461 Harl.
708 3411 788 3461 3107
805 3423 827 3460 a.
847 3407 939 3462 XIII.

224 3497 253 3550 R
276 3522 310 3542 =
330 3496 388 3551 cod.
414 3496 570 3550 Vaticanus
591 3500 650 3550 494
668 3513 690 3551 a.
710 3496 798 3549 XIII
814 3514 854 3550 ecc.

230 3585 256 3638 V
277 3611 311 3631 =
331 3585 389 3640 cod.
414 3585 572 3639 Vaticanus
592 3589 651 3639 495
669 3603 691 3639 s.
711 3585 779 3638 XV.

229 3673 256 3728 U
277 3699 310 3721 =
330 3675 388 3728 cod.
414 3674 570 3728 Vaticanus
591 3677 650 3727 499
667 3689 688 3727 s.
708 3673 775 3729 XV.

149 3850 254 3919 Incipit
282 3849 400 3919 epistula
427 3849 502 3902 beati
521 3841 671 3918 'augustini
700 3851 821 3918 episcopi
850 3847 886 3902 ad
910 3848 1035 3902 euodium
1060 3849 1216 3918 episcopum
1242 3847 1275 3902 de

111 3940 243 3994 trinitate
267 3941 296 3991 et
319 3937 444 3992 columba
462 3937 490 3990 P
511 3937 629 4006 epistula
652 3938 739 3990 sancti
760 3937 803 4004 (U
819 3937 905 4006 beati)
930 3937 1069 4006 augustini
1094 3937 1128 3990 ad
1147 3935 1276 3990 euodium

113 4031 149 4083 de
169 4028 296 4082 trinitate
319 4030 347 4080 et
366 4027 492 4080 columba
509 4025 594 4080 IVU
610 4029 773 4095 augustinus
794 4028 893 4081 euodio
909 4027 942 4080 de
957 4027 1083 4080 trinitate
1103 4029 1131 4078 ct
1149 4012 1275 4079 columba

112 4117 175 4172 HR
276 4116 490 4184 Inscripticncm
509 4132 559 4169 om.
579 4115 666 4169 PVU
683 4119 847 4186 augustinus
867 4117 1009 4186 episeopus
1030 4115 1127 4168 euodio
1147 4115 1275 4184 episcopo

117 4204 204 4261 THR
224 4205 285 4259 edd.
342 4205 419 4258 ‘ime
439 4219 489 4258 orn.
513 4203 654 4258 THRVU
709 4205 848 4258 9scribat
871 4202 927 4259 VII
980 4192 1016 4258 13'
1032 4205 1106 4257 uitae
1125 4203 1276 4273 praesentia

118 4298 144 4350 T
202 4295 235 4348 14
255 4293 519 4348 deos-felicitatem
540 4309 591 4347 ono.
611 4294 645 4348 H
700 4296 733 4348 15
753 4299 818 4348 sunt
836 4295 931 4347 infesti
954 4293 1099 4349 THRVU

1189 4398 1240 4451 39*
