3092 4959
287 399 351 462 236
640 394 667 450 S.
695 395 834 450 Aureli
860 394 1078 464 Augustini

286 591 463 656 absentium
497 589 624 655 nomina
657 589 752 654 etiam
785 590 902 654 mortui
935 608 1047 654 nomen
1079 589 1254 654 insererent
1291 591 1334 666 et,
1367 608 1430 654 cunr

287 699 499 780 quaereretur,
523 697 579 761 ubi
608 699 704 774 esset,
729 696 838 762 subita
864 696 1101 780 perturbatione
1128 695 1249 760 caecati
1275 696 1340 778 ipsi
1367 715 1429 760 eum

286 805 510 870 confiterentur
533 804 564 868 irr
588 803 699 868 itinere
724 802 889 869 defecisse.
915 808 947 866 et
974 822 1047 867 cum
1074 802 1354 886 interrogarentur,
1377 821 1430 886 quo

286 911 381 975 modo
416 911 555 993 potnerit
588 910 671 991 apud
704 909 928 994 Carthaginem
961 909 1171 986 subscribere,
1204 909 1232 974 si
1262 909 1296 973 in
1327 909 1430 972 itincre

285 1017 348 1081 ianr
374 1017 542 1094 deiecerat,
566 1017 790 1082 uehementius
813 1016 989 1099 perturbati
1017 1016 1078 1080 alio
1105 1016 1269 1080 mendacio
1298 1035 1333 1080 se
1361 1015 1463 1079 obli-r

286 1127 441 1208 generunt
477 1122 702 1204 respondentes
741 1142 815 1186 eum
848 1143 867 1188 a
898 1122 1086 1207 Carthagine
1123 1122 1307 1188 redeuntem
1339 1121 1430 1186 fuisse

286 1231 485 1307 defunctum
511 1229 634 1312 dequo
659 1228 823 1294 mendacio
848 1229 930 1292 exire
955 1229 1081 1293 omnino
1105 1229 1234 1293 minime
1256 1231 1429 1310 potuerunt

286 1355 358 1402 ecce
383 1335 500 1418 quibus
520 1335 648 1400 creditis
668 1335 721 1398 uel
741 1334 779 1399 de
799 1335 930 1416 antiqua
946 1334 1115 1399 traditione
1134 1335 1188 1399 uel
1206 1335 1245 1399 de
1263 1334 1429 1419 cognitoris

286 1443 495 1527 corruptione,
517 1442 571 1524 qui
595 1441 780 1506 mandatum
805 1460 911 1520 suurn,
931 1441 987 1506 ubi
1006 1441 1098 1506 nobis
1118 1441 1303 1506 obiecerunt
1321 1441 1428 1506 crimen

285 1547 474 1625 traditionis,
502 1568 564 1612 norr
593 1551 766 1629 potuerunt
794 1548 990 1613 conscribere
1019 1549 1088 1613 sine
1116 1548 1246 1612 crimine
1275 1548 1459 1612 salsitatisn

285 1654 426 1736 proinde,
452 1675 531 1737 quae
554 1654 689 1718 maxime
713 1655 893 1719 neccssaria
916 1655 1118 1732 credidimus,
1142 1655 1191 1719 his
1214 1655 1333 1719 litteris
1356 1659 1426 1719 tenr-

285 1780 378 1844 quam
405 1761 562 1826 breuiario
588 1762 721 1825 collecta
743 1761 949 1839 inseruimus,
970 1781 1008 1824 ne
1032 1760 1113 1826 forte
1136 1759 1176 1824 ad
1199 1781 1315 1844 magna
1332 1765 1426 1845 gesto·

284 1887 354 1931 rum
377 1867 540 1932 uolumina
564 1869 617 1931 uel
640 1868 805 1950 peruenire
830 1887 890 1932 non
914 1867 1008 1932 facile
1032 1867 1163 1950 possitis
1187 1867 1240 1931 uel
1268 1887 1307 1931 ea
1331 1868 1425 1950 legere

283 1973 476 2040 laboriosum
500 1975 634 2056 putetis.

240 2083 259 2144 2
330 2080 553 2164 Carthaginem
582 2081 728 2145 uenimus
757 2084 790 2145 et
818 2099 875 2145 nos
910 2084 942 2144 et
974 2081 1115 2163 episcopi
1147 2080 1248 2146 uestri
1280 2085 1323 2158 et,
1351 2077 1455 2163 quode

284 2187 372 2271 prius
392 2187 543 2251 nolebant
561 2190 594 2251 et
611 2186 779 2270 indignum
799 2205 869 2252 esse
889 2186 1044 2265 dicebant,
1059 2188 1090 2251 irr
1106 2207 1204 2252 unum
1218 2188 1421 2252 conuenimus.

284 2294 378 2358 electi
403 2297 479 2358 sunt
503 2313 539 2358 er
562 2293 653 2357 nobis
678 2298 711 2357 et
734 2313 770 2357 er
792 2293 872 2375 ipsis
898 2296 1018 2376 septem
1047 2293 1120 2358 binc
1149 2297 1180 2358 et
1208 2299 1331 2376 septem
1351 2292 1420 2366 inde,

284 2399 337 2482 qui
366 2418 421 2483 pro
451 2417 548 2464 causa
576 2400 718 2465 omnium
746 2401 961 2483 loquerentur.
990 2401 1084 2464 electi
1118 2405 1195 2465 sunt
1226 2401 1280 2465 alii
1313 2404 1419 2484 septem

282 2506 356 2571 hinc
380 2511 412 2570 et
440 2509 563 2587 septem
591 2505 674 2584 inde,
706 2525 778 2569 cunr
808 2506 936 2587 quibus,
964 2506 1020 2570 ubi
1049 2525 1129 2589 opus
1163 2509 1239 2584 erat,
1267 2506 1419 2571 consilium

283 2616 518 2694 pertractarent.
543 2613 636 2677 electi
660 2615 735 2677 sunt
761 2615 912 2695 quattuor
939 2613 1013 2677 binc
1041 2619 1073 2675 et
1101 2616 1252 2695 quattuor
1273 2613 1353 2688 inde,
1374 2607 1445 2692 quic·

284 2718 383 2800 gestis
408 2718 640 2783 conscribendis
665 2717 814 2782 custodes
838 2721 954 2796 essent,
979 2736 1017 2781 ne
1040 2718 1225 2784 infalsatum
1253 2718 1369 2801 aliquid
1387 2717 1418 2779 ab

284 2824 389 2906 aliquo
419 2824 584 2889 diceretur.
614 2823 679 2888 dati
708 2825 902 2889 suntetiam
926 2825 1057 2891 anobis
1086 2829 1118 2889 et
1145 2825 1184 2889 ab
1211 2826 1293 2910 ipsis
1321 2818 1418 2890 nolani

283 2933 434 3012 quattuor
465 2931 538 2996 hinc
571 2933 603 2994 et
637 2935 789 3013 quattuor
819 2931 904 3008 inde,
937 2934 975 2996 ut
1005 2931 1071 2996 bini
1104 2950 1177 2996 cunr
1214 2932 1417 3014 exceptoribus

281 3035 395 3101 iudicis
421 3037 619 3115 alternarent,
640 3055 677 3100 ne
698 3037 813 3118 aliquis
833 3042 978 3102 nostrum
997 3058 1031 3102 se
1051 3037 1167 3103 dixisse
1187 3038 1306 3121 aliquid
1325 3056 1417 3102 causs-

281 3146 377 3221 retur,
411 3143 495 3224 quod
529 3162 590 3208 non
627 3143 744 3206 luisset
782 3148 958 3226 exceptum.
994 3145 1070 3209 huie
1105 3147 1212 3209 tantae
1249 3144 1451 3229 diligentiaec

282 3249 377 3312 etiarn
405 3248 485 3313 illud
514 3253 563 3312 est
592 3248 747 3326 additum,
773 3254 810 3313 ut
837 3256 869 3314 et
892 3270 949 3315 nos
973 3255 1004 3315 et
1027 3251 1089 3334 ipsi
1114 3270 1206 3333 quern
1236 3253 1277 3317 ad
1304 3252 1418 3316 modum
1538 3314 1539 3335 ,

281 3355 350 3437 ipse
373 3355 465 3419 iudex
487 3356 593 3420 uerbis
617 3357 735 3420 nostris
760 3357 1042 3435 subscriberemus,
1063 3357 1291 3441 nequisquam
1314 3359 1419 3423 diceret

281 3463 311 3526 in
335 3460 400 3526 illis
425 3461 525 3547 gestis
550 3461 671 3545 aliquid
694 3462 747 3526 uel
770 3467 882 3546 postea
905 3464 1005 3528 luisse
1030 3467 1223 3547 corruptum.
1251 3485 1324 3530 cum
1347 3463 1419 3530 enin

316 3667 529 3723 reubecribin
602 3671 626 3723 si
645 3670 738 3725 abab
761 3671 808 3741 qui
826 3673 854 3727 A
872 3672 932 3726 cdd.
1002 3671 1144 3727 5deleret
1161 3673 1192 3726 F
1253 3674 1371 3729 baum.
1387 3669 1418 3723 Ρ1

315 3755 444 3812 redeunte
462 3759 490 3810 A
571 3760 587 3813 8
606 3759 782 3814 tradillltione
802 3765 911 3828 (paruo-
928 3767 996 3827 rue.)
1015 3762 1044 3815 Ρ
1122 3763 1139 3814 9
1158 3762 1325 3826 mandatum,
1342 3774 1418 3830 scurra

279 3865 313 3900 m.
334 3851 348 3900 1
367 3847 380 3900 l
398 3846 566 3900 mendacium
586 3847 613 3902 R
697 3850 727 3902 ll
749 3849 884 3903 oredimus
902 3850 1020 3904 MFAR
1099 3850 1418 3919 laurenrentium

279 3936 576 3990 m.1lbrcuierioR
632 3939 664 3991 13
684 3939 782 4006 positis
801 3939 839 3991 M
890 3939 923 3991 14
941 3939 1131 4008 putetetisM
1184 3939 1217 3992 15
1236 3925 1418 3995 rhamis

282 4025 313 4076 li
333 4027 398 4076 sunt
416 4029 445 4077 et
463 4041 493 4077 er
512 4023 540 4076 P
626 4026 683 4078 illis
701 4026 729 4080 R
837 4027 871 4080 20
890 4032 918 4079 et
937 4026 1025 4081 IIIIor
1043 4027 1070 4082 R
1160 4029 1196 4082 22
1215 4045 1232 4081 a
1250 4027 1419 4083 nobiselr'am

275 4113 389 4180 proruere
408 4129 475 4166 corr.
495 4113 532 4166 M
589 4113 623 4167 23
642 4114 731 4168 Iillor
749 4115 776 4169 R
848 4115 911 4169 hinc
930 4122 959 4169 et
978 4121 1108 4185 quattuor
1125 4134 1179 4171 om.
1196 4119 1225 4172 A
1298 4113 1421 4173 IlliorR

280 4201 314 4254 24
332 4201 436 4256 iudices
454 4201 493 4256 P²
577 4203 740 4258 altercarent
758 4205 796 4258 M
884 4206 970 4276 aliqui
988 4207 1015 4259 P
1104 4209 1138 4260 26
1158 4211 1190 4261 ut
1208 4225 1259 4261 noe
1278 4211 1307 4261 et
1324 4207 1373 4278 ipsi
1390 4203 1422 4259 M
