3092 4959
570 351 837 422 epistularum
865 351 942 408 CXL.
1267 361 1327 422 191

178 566 425 613 cornuorum
445 547 725 612 humilitatem
744 567 877 613 meam.
895 548 967 614 ideo
987 549 1104 633 quippe
1124 551 1155 614 in
1174 551 1330 615 unicorni-

177 655 239 718 bus
269 654 397 736 superbi
424 654 664 738 iutelleguntnr,
694 655 769 737 quia
796 655 945 738 superbia
971 656 1040 721 odit
1067 657 1262 723 consortium
1286 661 1329 735 et,

178 763 335 844 quantum
358 761 482 844 inipso
508 763 567 838 est,
592 762 680 826 solus
705 762 795 844 cupit
816 762 953 827 eminere
977 763 1080 828 omnis
1104 765 1271 847 superbus.

13 872 126 937 '1143
221 868 290 934 Iarn
313 887 396 932 nuuc
420 867 564 946 adtende,
589 869 645 933 ubi
669 869 712 934 sit
733 868 869 946 fructus,
894 871 946 934 uel
969 870 1053 951 quod
1078 871 1247 936 derelictus
1271 877 1330 950 est,

144 996 217 1040 sne
237 975 438 1040 exaudiretur
461 994 515 1058 pro
540 978 664 1040 terrena
686 975 842 1040 felicitate
865 996 940 1041 noa
964 976 1010 1041 ad
1032 978 1330 1061 insipientiam,

177 1083 235 1148 aad
272 1087 310 1148 ut
346 1101 539 1166 saperemus.
573 1082 650 1164 quid
681 1083 756 1148 noni
793 1083 977 1148 testamenti
1014 1085 1116 1168 gratia
1152 1084 1330 1150 desiderare

177 1190 363 1256 debeamus.
387 1191 440 1253 uel
468 1189 553 1272 quod
580 1208 641 1255 non
671 1192 721 1254 ast
749 1189 921 1255 derelictus
950 1191 1005 1256 sed
1037 1191 1202 1256 exauditus
1225 1193 1257 1256 in
1281 1211 1329 1269 eo,

177 1296 262 1378 quod
302 1295 361 1360 ait:
398 1296 453 1360 Ne
487 1295 673 1360 discedas
703 1315 721 1359 a
749 1316 816 1365 me,
851 1297 906 1379 qui
939 1297 1072 1362 dixerat:
1108 1296 1239 1376 Quare
1272 1318 1330 1363 me

177 1401 473 1483 dereliquisti?
507 1402 591 1485 quod
624 1401 736 1484 utique
770 1402 961 1467 contrarium
995 1408 1055 1479 est,
1084 1405 1145 1468 nisi
1178 1403 1258 1469 illud
1290 1404 1330 1468 ad

127 1533 156 1571 ro
176 1509 276 1584 aliud,
296 1509 356 1573 hoc
380 1509 419 1572 ad
443 1509 531 1574 aliud
553 1509 715 1574 referatur.
741 1509 876 1573 adtende
899 1513 932 1573 et
955 1509 1040 1586 audi,
1060 1514 1211 1592 quantum
1232 1511 1329 1594 sapis,

175 1615 279 1691 hauri,
314 1619 466 1696 quantum
499 1615 587 1698 capis
621 1618 838 1697 quantumque
869 1615 938 1698 ipse
970 1635 1035 1680 rem
1070 1619 1189 1680 tantam
1222 1617 1329 1698 eloqui

176 1721 280 1794 ualeo,
314 1722 411 1786 immo
444 1725 598 1804 quantum
630 1721 742 1786 tribuit
769 1721 844 1799 ille,
878 1722 932 1803 qui
969 1741 1026 1787 nos
1060 1721 1197 1798 exaudit,
1230 1727 1262 1787 et
1297 1723 1330 1788 in

176 1827 367 1902 Christum
392 1831 544 1909 quantum
568 1829 663 1892 lromo
686 1828 843 1892 mediator
865 1835 916 1893 est
936 1827 1020 1892 inter
1042 1847 1100 1892 uos
1121 1834 1154 1893 et
1172 1829 1277 1906 deum,
1297 1833 1330 1894 et

176 1954 249 1998 cum
281 1934 419 2010 Christo,
448 1935 479 1998 in
508 1939 661 2016 qnantum
691 1935 768 1999 deus
798 1937 848 2000 est
876 1934 1018 2016 aequalis
1047 1935 1105 2000 deo
1129 1941 1162 1999 et
1184 1940 1328 2017 potens

125 2047 240 2106 inest
278 2041 423 2118 facere,
457 2045 493 2105 ut
530 2042 575 2106 ait
612 2041 789 2122 apostolus,
828 2061 960 2124 supra.
998 2061 1110 2123 quam
1149 2042 1328 2126 petimus

175 2152 245 2210 aut
278 2146 577 2232 intellegimus
611 2145 684 2210 uide
717 2147 748 2210 in
781 2147 842 2210 boc
880 2147 1002 2229 psalmo
1036 2148 1220 2212 testamenti
1253 2149 1328 2213 noui

174 2254 322 2337 gratiam.
351 2253 435 2330 uide,
464 2253 552 2318 illius
586 2253 811 2328 derelictionis,
840 2253 1065 2330 tribulationis,
1099 2253 1328 2338 deprecationis

174 2364 281 2426 fructu
307 2360 381 2442 quid
410 2363 531 2444 agatur,
556 2361 633 2442 quid
659 2360 851 2437 insinuetur,
874 2359 951 2441 quid
979 2360 1227 2437 commendetur,
1251 2361 1328 2443 quid

173 2466 373 2532 inlustretur.
405 2468 537 2544 intuere,
570 2467 646 2550 quid
678 2469 823 2552 legamus
856 2471 944 2532 tanto
983 2471 1056 2532 ante
1091 2469 1327 2551 prophetatum,

120 2599 153 2640 ao
174 2574 254 2656 quid
268 2575 330 2638 iam
347 2593 511 2638 cernamus
526 2575 704 2657 impletum.
730 2574 910 2652 narrabo,
928 2573 1044 2656 inquit,
1060 2594 1199 2640 nomen
1213 2578 1327 2639 tunm

172 2681 379 2746 fratribus
394 2681 507 2760 meis,
527 2682 565 2744 in
581 2681 710 2746 modio
727 2681 933 2746 ecclesiae
952 2681 1124 2746 cantabo
1144 2683 1191 2745 te.
1210 2681 1326 2745 fratres

171 2787 225 2852 illi
244 2790 330 2864 sunt,
346 2785 383 2850 de
404 2787 519 2869 quibus
538 2787 569 2850 in
591 2787 755 2870 euangelio
776 2787 835 2850 ait:
856 2786 961 2851 Vade
981 2789 1021 2850 ct
1039 2787 1057 2850 d
1067 2785 1104 2850 ic
1122 2786 1324 2851 iratribus

172 2893 285 2958 meis.
311 2894 444 2958 ecclesia
463 2893 520 2958 illa
543 2897 602 2972 est,
628 2913 721 2976 quam
746 2893 840 2958 modo
865 2893 944 2957 dixit
968 2893 1090 2957 unicam
1116 2912 1224 2968 suam;
1250 2893 1326 2957 haec

267 3149 613 3215 5;8Ps.21,3;12;a
698 3152 932 3211 talamus
1016 3151 1323 3223 14Phil.2,o;aph.

170 3239 202 3304 3,
221 3239 256 3292 20
312 3237 347 3292 20
366 3239 409 3292 Ps.
430 3239 472 3300 21.
491 3240 526 3294 23
581 3241 692 3294 221011.
713 3241 756 3294 20.
778 3240 810 3294 17
879 3241 914 3293 23
932 3241 977 3296 Ps.
997 3241 1040 3304 21,
1060 3241 1093 3294 21

212 3382 229 3434 2
248 3382 324 3451 quia]
345 3380 417 3450 quod
434 3380 467 3434 N
550 3384 566 3436 3
585 3383 706 3444 iminere,
725 3401 759 3437 aa.
779 3387 795 3435 1
813 3382 849 3450 (Τ)
869 3399 937 3437 corr.
958 3382 1075 3436 eminere
1094 3383 1120 3435 L
1138 3384 1278 3438 imminere
1297 3384 1325 3438 R

213 3471 338 3525 orrmibus
359 3470 415 3525 GT
484 3472 674 3541 desperemus
697 3471 860 3541 Osaperem
878 3473 905 3527 R
976 3473 1041 3526 noui
1059 3475 1149 3542 gratia
1164 3475 1326 3527 testamenti

172 3561 236 3618 edd.
302 3561 318 3613 9
338 3557 373 3614 ad
390 3583 453 3613 un·
472 3561 602 3626 (sortasse
613 3561 676 3628 suit
694 3559 773 3627 illud)
796 3561 821 3614 T
884 3561 917 3614 10
934 3561 987 3614 boc
1006 3560 1041 3614 ad
1060 3559 1135 3614 aliud
1153 3577 1206 3616 om.
1224 3559 1258 3613 N
1271 3561 1325 3616 boc

172 3650 212 3706 ad
229 3649 298 3705 illud
319 3649 345 3703 (ι’
398 3649 531 3703 referatur
550 3649 584 3702 ad
602 3649 725 3703 aliudT
779 3654 807 3702 et
825 3650 856 3702 in
870 3649 930 3716 fine
947 3665 974 3703 a.
994 3659 1045 3703 oar.
1069 3649 1095 3702 Τ
1141 3651 1172 3703 ll
1193 3654 1324 3719 quantum

172 3739 251 3809 capis
270 3754 322 3792 om.
344 3738 370 3790 Τ
476 3738 560 3807 cupis,
580 3755 613 3792 m.
634 3743 653 3791 2
672 3737 792 3808 capisl)
882 3737 1178 3806 quantumcumquaT
1265 3738 1323 3807 ipse

172 3846 229 3884 om.
249 3827 306 3882 GT
395 3827 428 3880 12
447 3827 474 3880 iu
495 3827 670 3880 cbristumL
769 3827 802 3880 13
823 3825 1066 3880 estmediatorN
1166 3831 1278 3880 estem.
1300 3827 1326 3879 Τ

212 3916 293 3970 deum
314 3920 342 3970 et
360 3933 408 3970 nos
426 3914 459 3968 N
530 3917 562 3969 15
582 3920 614 3969 ut
632 3917 672 3969 ait
690 3917 830 3986 apostolus
849 3931 900 3968 om.
918 3914 952 3969 N
1023 3915 1055 3968 17
1074 3915 1146 3968 unde
1169 3915 1221 3970 OG
1240 3921 1285 3981 (m.
1305 3919 1325 3969 2

172 4005 250 4074 uide)
322 4005 387 4070 illis,
405 4021 439 4058 m.
460 4010 475 4058 1
493 4021 561 4060 corr.
580 4004 655 4059 illius
671 4005 697 4057 L
770 4003 975 4058 derelictionem
990 4003 1051 4058 ΒΝ
1099 4006 1131 4057 le
1146 4009 1245 4073 agatur
1258 4004 1323 4074 quid

171 4113 226 4152 om.
247 4093 279 4148 N
327 4093 564 4148 accerrimam
615 4111 712 4148 nomen
731 4097 809 4147 tuum
828 4091 918 4161 inquit
937 4091 998 4146 cdd.
1047 4093 1080 4146 21
1101 4092 1219 4147 laudabo
1241 4091 1324 4146 OGN

169 4201 226 4240 sec.
251 4183 329 4252 Volo.
412 4182 540 4237 ceillier
561 4183 587 4236 Τ
658 4182 707 4251 ait}
728 4182 796 4236 dicit
814 4182 847 4235 N
919 4183 954 4236 23
973 4184 1017 4235 eet
1034 4181 1084 4235 illa
1104 4181 1130 4235 G
1202 4181 1323 4235 tunicam

171 4289 253 4328 suam
272 4270 389 4326 LOGN
404 4287 478 4325 suam
498 4272 620 4326 sunicarrr
639 4271 711 4339 (suit
729 4275 752 4338 t)
776 4270 801 4324 Τ
