3092 4959
522 378 787 447 epistularum
817 375 947 432 CXLVH.
1241 379 1306 444 293

150 571 363 654 perniciosius
385 571 584 649 insidiantes,
607 591 742 655 quorum
766 573 876 655 procul
902 571 998 637 dubio
1018 591 1103 636 error
1120 571 1306 651 adstruitur,

151 679 180 744 si
204 679 304 762 patris
327 681 441 743 natura
463 678 645 751 inuisibilis,
668 677 726 742 filii
751 697 826 743 uero
850 677 991 743 nisibilis
1015 678 1163 756 creditur,
1188 679 1305 744 utrius·

150 804 213 867 que
228 803 322 850 unam
333 784 513 868 pariterque
527 785 722 850 inuisibilem
733 785 876 850 adseruit
890 805 960 849 esse
974 788 1119 850 naturam
1129 785 1305 870 adiungens

149 891 248 955 etiam
272 891 404 973 spiritus
429 891 541 957 sancti.
573 891 658 972 quod
680 892 821 956 breuiter
844 892 971 972 quidem
996 890 1052 956 sod
1076 891 1306 956 admirabiliter

118 998 323 1076 sintimauit,
350 997 408 1063 ubi
436 1003 567 1063 secutus
596 999 654 1062 ait:
682 999 759 1063 ‘Aut
787 1002 872 1062 corte
900 997 1004 1062 refelli
1032 1017 1092 1062 non
1120 1001 1229 1079 potest
1251 999 1304 1062 uel

148 1107 272 1186 patrem
301 1104 356 1167 uel
383 1103 486 1169 lilium
514 1102 568 1168 uel
595 1108 680 1168 corte
708 1104 858 1185 spiritum
887 1107 1044 1176 sanctum,
1073 1103 1100 1168 si
1124 1106 1231 1168 tauron
1256 1107 1305 1168 est

148 1210 254 1273 sancti
278 1209 411 1292 spiritus
434 1209 528 1287 nisio,
552 1228 588 1274 ea
607 1211 713 1293 specie
737 1210 851 1284 uideri,
875 1229 969 1292 quarn
992 1210 1142 1274 uoluntas
1162 1209 1304 1294 elegerit,

147 1335 211 1381 non
229 1321 342 1381 ustura
359 1310 566 1382 formauerit’.
590 1317 697 1399 potuit
714 1317 820 1382 dicere
837 1318 909 1382 ‘non
928 1321 1041 1381 natura
1059 1316 1304 1392 monstrauerit',

148 1421 207 1486 sed
230 1421 344 1486 maluit
368 1421 472 1486 dicero
495 1422 711 1497 ‘formarierit‘,
736 1441 774 1486 na
794 1422 896 1504 ipsam
918 1423 1067 1504 speciem,
1093 1421 1124 1485 in
1144 1441 1205 1504 qua
1225 1421 1303 1486 deus

98 1553 125 1591 ιο
147 1528 249 1613 elegit
275 1547 436 1610 apparere,
465 1529 504 1594 da
532 1547 591 1594 sua
618 1534 731 1592 natura
758 1529 894 1593 formare
921 1532 1088 1610 putaretur
1116 1532 1147 1592 et
1175 1547 1211 1592 ex
1244 1527 1304 1592 boc

145 1636 260 1716 utique
279 1636 521 1700 connincoretur
535 1635 755 1700 conuertibilis
775 1654 844 1700 esse
864 1635 1092 1716 mutabilisque
1112 1635 1302 1709 substantia,

147 1740 233 1826 quod
257 1742 326 1822 ipse
345 1741 424 1807 dens
444 1760 462 1805 a
479 1741 541 1806 fido
559 1743 683 1825 piorum
710 1741 889 1806 misericors
910 1745 943 1805 et
960 1741 1116 1825 benignus
1136 1742 1301 1806 auerterit!

12 1845 97 1908 1120
191 1847 371 1913 Inuisibilis
394 1853 445 1913 est
467 1849 567 1933 igitur
589 1853 702 1913 natura
724 1848 804 1912 daus
829 1867 889 1913 non
913 1851 1038 1912 tantum
1068 1853 1158 1931 pater
1186 1847 1243 1912 sed
1270 1853 1303 1912 ot

144 1955 218 2037 ipsa
239 1955 377 2029 trinitas,
402 1973 484 2020 uuus
504 1956 593 2033 dous,
617 1960 651 2018 et
668 1956 743 2038 quia
761 1973 823 2019 nou
843 1957 967 2019 tanturn
992 1953 1164 2019 inuisibilis
1188 1973 1301 2018 uorum

99 2085 124 2124 rs
145 2060 244 2125 etiarn
274 2060 558 2134 incommutabilis,
593 2061 640 2126 sic
668 2065 807 2146 apparet,
842 2060 958 2142 quibus
991 2061 1141 2137 uoluerit,
1174 2061 1205 2124 in
1239 2079 1302 2142 qua

146 2166 286 2231 uoluerit
310 2167 489 2248 speciant
516 2167 600 2250 apud
624 2187 695 2232 eum
725 2169 849 2252 integra
875 2171 1001 2232 maneat
1029 2169 1097 2232 eins
1127 2167 1300 2232 inuisibilis

143 2271 483 2355 incommutabilisque
506 2281 626 2338 natura
650 2273 843 2338 desiderium
862 2277 970 2338 autern
989 2274 1146 2338 ueraciter
1164 2274 1300 2358 piorum,

145 2397 209 2461 quo
233 2379 342 2444 uidero
367 2379 462 2444 deum
485 2381 620 2463 cupiunt
643 2385 675 2444 at
697 2381 857 2446 inhianter
880 2379 1056 2458 ardescunt,
1081 2399 1153 2457 non,
1178 2380 1298 2463 opinor,

142 2488 176 2550 in
206 2504 276 2551 eam
305 2486 446 2568 speciem
474 2487 685 2553 contuendam
714 2487 837 2570 flagrat,
871 2506 943 2568 qua,
976 2492 1013 2551 ut
1041 2488 1124 2562 uult,
1158 2491 1297 2570 apparet,

95 2617 124 2658 so
144 2592 232 2676 quod
249 2592 318 2675 ipse
338 2612 399 2656 non
419 2596 478 2672 est,
501 2593 557 2658 sad
575 2595 606 2658 in
626 2614 695 2658 eam
715 2594 940 2669 substantiam,
964 2613 1027 2676 qua
1044 2595 1113 2675 ipse
1133 2598 1192 2670 est,
1213 2593 1298 2676 quod

142 2704 205 2766 est.
228 2699 324 2764 buius
348 2700 432 2763 enim
457 2699 606 2764 desiderii
625 2701 675 2764 sui
698 2701 857 2766 flammam
879 2706 1009 2765 sanctus
1029 2701 1168 2784 Moyses,
1192 2700 1296 2766 fidelis

142 2805 285 2870 famulus
319 2805 399 2881 aius,
437 2806 587 2884 ostendit,
624 2807 680 2870 ubi
712 2807 758 2872 ait
790 2806 859 2884 deo,
898 2825 970 2872 cum
1009 2826 1071 2889 quo
1104 2811 1141 2872 ut
1174 2808 1296 2872 amicus

234 3065 304 3120 5-s
323 3089 358 3112 =
377 3083 404 3135 p.
424 3065 486 3132 aso,
506 3067 612 3119 11-14
667 3066 701 3120 22
720 3066 767 3120 nx.
788 3067 831 3134 aa,
852 3067 882 3119 ιι

180 3191 193 3242 l
220 3190 329 3252 astruit,
352 3207 387 3242 m.
407 3193 427 3243 2
449 3206 518 3244 corr.
541 3189 600 3243 uid.
624 3189 757 3243 astruitur
774 3189 803 3242 P
891 3191 907 3244 3
932 3207 992 3244 esse
1015 3191 1046 3244 s'n
1064 3190 1125 3259 fiae
1143 3207 1169 3244 u.
1189 3207 1241 3245 om.
1260 3190 1298 3244 M

139 3279 158 3332 4
177 3277 257 3331 breui
274 3277 306 3331 F
383 3276 590 3348 admirabiliter]
610 3281 658 3332 aut
677 3283 722 3345 (m.
743 3282 762 3332 2
781 3282 851 3348 asp.)
869 3279 1032 3333 mirabiliter
1050 3280 1078 3333 P
1140 3281 1156 3334 5
1174 3281 1215 3336 ait
1234 3283 1292 3350 aut!

139 3367 182 3420 ait
200 3366 361 3435 unigenitus
381 3365 427 3436 qni
446 3367 534 3420 estin
554 3366 616 3421 siun
634 3369 721 3436 patris
740 3372 789 3420 aut
807 3367 834 3421 P
869 3369 885 3421 6
906 3372 977 3421 certe
996 3385 1046 3423 om.
1070 3368 1147 3422 Tou
1185 3371 1293 3440 ispiri·

140 3467 187 3508 tus
207 3454 295 3508 sancti
312 3454 349 3508 Μ
366 3453 426 3508 edd.
537 3455 628 3509 uidere
649 3460 693 3520 (m.
713 3459 729 3509 1
747 3472 815 3511 corr.
835 3455 932 3524 uideri)
952 3473 1004 3526 qua
1022 3457 1060 3510 Μ
1134 3459 1151 3512 8
1169 3463 1293 3513 naturam

139 3544 337 3598 monstrauarit
354 3543 413 3596 HA
486 3545 567 3613 9ne]
588 3545 632 3597 uel
654 3543 732 3598 TOL
806 3544 957 3615 luceque
980 3544 1058 3599 TOL
1138 3547 1248 3602 formari
1266 3548 1293 3601 L

176 3637 290 3702 putetur
311 3631 390 3686 TOL
475 3637 503 3686 et
522 3649 573 3686 om.
593 3631 619 3685 L
638 3638 669 3686 ut
687 3634 715 3687 P
806 3634 836 3688 11
858 3635 1051 3703 mutabilisque
1072 3639 1108 3700 (ιιι
1128 3637 1159 3689 iu
1176 3641 1243 3702 rus.)
1262 3637 1296 3689 H

136 3721 381 3790 motabilisqueL
467 3722 639 3776 substantiae
658 3724 685 3775 A
704 3723 765 3776 edd.
841 3723 873 3776 12
893 3724 1081 3793 impiorumO
1155 3726 1188 3778 13
1206 3726 1293 3794 igitur

137 3843 182 3892 est
202 3837 240 3890 Μ
310 3843 407 3892 etom.
431 3837 509 3891 TOL
559 3839 592 3892 15
612 3804 874 3908 qnib;,m.2qP
943 3840 971 3892 in
991 3840 1294 3908 quauolneritom.P

138 3928 174 3982 16
194 3929 254 3980 eius
272 3943 323 3980 om.
347 3926 435 3982 ΤΟΜ
452 3930 497 3995 (m.
516 3930 532 3980 1
551 3927 627 3992 odd.)
645 3927 672 3980 L
768 3929 800 3981 17
820 3928 925 3997 piorum
943 3927 1078 3982 ueraciter
1095 3945 1129 3981 m.
1148 3933 1164 3982 1
1178 3931 1293 3997 punctis

135 4031 210 4072 corr.
230 4013 268 4068 Μ
339 4015 373 4069 18
391 4015 558 4069 inaniterT
632 4033 685 4069 non
705 4015 811 4085 opinor]
830 4019 861 4069 nt
880 4016 975 4086 opinor
993 4032 1046 4069 non
1066 4015 1092 4068 L
1167 4018 1199 4070 19
1218 4019 1289 4086 euml

135 4104 216 4171 eade,
240 4120 274 4156 m.
298 4107 314 4156 1
336 4119 406 4159 corr.
430 4103 516 4158 eundo
544 4103 702 4158 Yesndem
728 4104 777 4158 OL
890 4105 997 4172 flagrat,
1020 4122 1054 4158 m.
1080 4109 1099 4158 2
1126 4105 1239 4173 flagrare
1263 4105 1294 4158 F

134 4195 173 4247 ‘20
193 4193 259 4262 qua]
280 4192 397 4262 quiaH
411 4194 432 4260 (i
450 4196 533 4259 eras.)
551 4192 617 4260 F(i
635 4210 669 4246 m.
689 4195 709 4245 2
727 4192 791 4258 del.)
810 4193 836 4246 Δ
933 4193 1005 4261 quod
1025 4196 1145 4257 autom,
1165 4194 1289 4262 m.1(?)

134 4282 205 4337 add.
225 4281 252 4335 T
303 4283 336 4335 21
357 4282 430 4334 enirn
447 4298 498 4338 om,
518 4281 544 4334 L
616 4287 725 4336 sanctus
744 4297 795 4335 om.
820 4281 896 4336 YOL
950 4282 984 4336 22
1005 4299 1119 4352 quocum
1138 4282 1172 4336 H
