3092 4959
282 393 325 456 94
635 388 662 444 S.
690 389 829 444 Aureli
855 389 1073 459 Augustini

279 587 350 671 ipse
383 584 556 663 coufirmat,
588 585 768 649 litterarum
799 583 1012 668 prolixitatem
1049 584 1181 650 minime
1216 584 1432 660 formidasset,

281 713 371 758 omne
394 691 585 757 beatitudini
607 695 692 768 tuae,
717 691 803 774 quod
826 691 941 756 habere
963 695 1081 773 potest,
1108 691 1305 758 insinuasset
1331 692 1432 756 embi-

280 821 391 886 guum.
419 799 474 864 sed
502 807 608 883 tamen
637 799 726 875 satis,
754 798 841 863 siout
869 799 964 862 etiam
991 798 1060 882 ipse
1083 797 1214 880 probare
1237 798 1431 882 dignaberis,

280 909 367 973 culto
403 909 614 988 accuratoque
651 924 796 970 sermone
833 908 866 970 et
897 905 1056 971 Murenae
1093 906 1292 988 eloquentiae
1328 905 1431 970 nitore

278 1015 446 1099 perspicuo
470 1014 577 1094 aliqua
595 1012 657 1077 sibi
675 1012 780 1078 exolui
802 1012 962 1095 impendio
986 1012 1172 1095 postulauit.
1198 1031 1277 1094 quae
1301 1011 1430 1094 quidem
1458 1037 1470 1078 a

280 1120 550 1204 quaestioneque
574 1139 700 1203 quaque
722 1119 839 1184 detrita
865 1124 916 1185 est
943 1122 976 1184 et
1003 1138 1112 1185 eorum
1142 1101 1237 1202 super
1259 1120 1317 1184 hae
1340 1125 1430 1200 parte

280 1229 359 1293 satis
376 1231 451 1292 nota
468 1226 638 1304 calliditas,
653 1227 708 1309 qui
727 1225 997 1310 dispensationem
1016 1225 1190 1292 dominicae
1204 1225 1429 1291 incarnationis

277 1332 442 1400 infamant.
471 1333 528 1398 sed
554 1336 660 1397 tamen
688 1333 785 1398 etiam
813 1351 872 1417 ago
899 1333 931 1398 in
959 1332 1019 1398 hac
1045 1338 1145 1415 parte,
1169 1332 1244 1415 qnia
1271 1331 1429 1416 plurimis,

278 1438 430 1525 quicquid
478 1439 688 1524 rescripseris,
734 1440 937 1522 profuturum
988 1459 1058 1506 esse
1104 1439 1236 1518 conlido,
1283 1442 1429 1522 precator

278 1547 478 1622 accesserim,
498 1550 535 1611 ut
558 1546 597 1610 ad
620 1565 658 1610 ea
675 1545 865 1630 uigilantius
883 1545 1072 1628 respondere
1091 1531 1240 1630 dignetis,
1259 1545 1290 1610 iu
1309 1546 1427 1628 quibus
1448 1567 1469 1606 ιι

207 1685 212 1698 ·
277 1654 358 1719 nihil
380 1654 517 1738 amplius
540 1652 715 1729 domiuum,
740 1671 835 1734 quem
864 1653 919 1718 alii
946 1652 1090 1718 homines
1119 1652 1220 1717 iacere
1243 1656 1427 1734 potnerunt,

277 1760 392 1826 fecisse
427 1759 634 1836 mentiuntur,
666 1757 872 1842 Apollonium
910 1760 937 1826 si
974 1759 1102 1843 quidem
1140 1777 1234 1823 suum
1270 1758 1362 1822 nobis
1394 1761 1428 1822 et

276 1867 449 1948 Apuleium
466 1867 611 1948 aliosque
630 1867 774 1950 magicae
793 1866 870 1932 artis
889 1866 1033 1932 homines
1052 1865 1083 1930 in
1098 1864 1239 1929 medium
1252 1863 1427 1947 proferunt,

277 1993 412 2057 quornm
435 1973 554 2039 maiora
576 1973 770 2038 contendunt
792 1973 936 2038 extitisse
959 1971 1122 2038 miracula.

233 2075 254 2138 2
320 2081 394 2163 Ipso
422 2083 530 2144 eutem
557 2079 607 2144 uir
634 2078 779 2145 inlustris
807 2080 953 2163 superius
980 2083 1183 2152 memoratus,
1202 2079 1319 2144 multus
1352 2097 1425 2142 esse
1445 2103 1468 2144 ιι

277 2186 356 2250 dixit
386 2186 605 2269 praesentibus
638 2185 818 2268 aliquantis,
852 2205 932 2269 quae
964 2186 1040 2251 huie
1075 2185 1201 2269 possint
1235 2185 1324 2269 iungi
1361 2203 1426 2248 uon

275 2292 431 2367 inmerito,
456 2292 669 2374 quaestiones,
693 2292 778 2358 sieut
801 2297 872 2358 ante
896 2293 968 2370 diri,
988 2293 1018 2357 si
1040 2311 1101 2356 nou
1126 2293 1164 2356 ab
1188 2291 1257 2356 eius
1280 2291 1425 2376 partibus

276 2399 458 2481 epistularis
481 2399 680 2464 considerata
701 2399 842 2464 breuitas
865 2399 990 2466 fuisset
1015 2418 1095 2482 quae
1117 2401 1223 2463 tarum
1245 2398 1320 2463 lieet
1347 2399 1425 2463 scri-

274 2505 348 2570 bere
371 2505 519 2597 noluorit,
542 2508 646 2571 tacere
669 2525 730 2570 nou
753 2525 868 2588 passus
893 2509 952 2571 est.
977 2507 1102 2571 dicebat
1125 2506 1219 2584 enim,
1243 2505 1336 2588 quod,
1361 2505 1424 2569 etsi

274 2611 336 2677 sibi
358 2612 453 2688 hodic
476 2612 699 2677 incarnationis
723 2612 898 2677 dominicas
925 2613 1004 2676 ratio
1033 2611 1226 2690 redderetur,
1249 2610 1337 2676 reddi
1367 2611 1422 2676 uix
1440 2641 1466 2681 so

274 2718 314 2782 ad
339 2718 499 2802 liquidum
525 2719 639 2802 possit,
667 2739 723 2784 cur
750 2719 803 2785 hio
831 2720 919 2798 deus,
950 2721 1003 2803 qui
1032 2724 1064 2785 et
1091 2718 1209 2785 ueteris
1238 2717 1424 2784 testamenti

362 2962 459 3032 ar-p.
479 2965 522 3025 95,
542 2964 558 3016 5
578 2987 612 3008 =
630 2981 658 3032 p.
680 2963 739 3026 127,
759 2963 847 3018 7-12

309 3140 470 3194 lminimse
488 3141 515 3208 (a
533 3156 567 3196 m.
588 3141 697 3208 ΜΡ.)
715 3139 754 3193 Μ
767 3140 928 3195 minimsT
980 3139 1087 3193 domni
1108 3141 1134 3193 A
1206 3136 1377 3193 beatitudine
1393 3135 1424 3189 Ε

272 3232 317 3295 (m.
335 3233 366 3281 ut
384 3229 442 3283 uid.
462 3232 483 3282 2
500 3227 676 3294 beatitudini)
698 3228 724 3282 T
785 3229 926 3284 insinuans
945 3231 972 3282 A
1025 3229 1119 3298 3ipse
1138 3243 1190 3282 om.
1209 3227 1268 3282 ET
1322 3225 1421 3296 digna-

271 3317 353 3385 neris,
371 3333 405 3370 m.
424 3320 440 3369 1
458 3332 527 3370 corr.
547 3314 705 3385 dignaberis
724 3317 788 3371 MP
867 3317 1001 3386 5exolui]
1022 3333 1054 3371 es
1072 3314 1190 3370 soluiT
1261 3313 1421 3385 compendio

271 3404 298 3457 A
348 3405 446 3474 8ego]
467 3409 496 3458 et
513 3405 570 3460 ET
618 3406 651 3460 10
671 3405 807 3476 dignares,
827 3422 896 3463 corr.
916 3404 1034 3475 digneris
1053 3406 1091 3460 M
1144 3407 1175 3458 11
1197 3403 1313 3474 amplius
1331 3402 1421 3458 dorni-

272 3509 336 3547 num
354 3493 424 3547 nihil
441 3493 500 3547 ET
578 3494 704 3558 hominis,
722 3512 757 3549 m.
776 3500 877 3550 z‘corr.
898 3495 1021 3549 homines
1039 3495 1067 3550 R
1141 3495 1174 3548 la
1193 3492 1301 3563 iecisse]
1320 3491 1420 3546 iedsse

270 3582 315 3636 uel
334 3581 433 3650 legisse
448 3581 505 3634 ET
515 3583 539 3650 s
544 3582 554 3636 l
572 3581 669 3636 iecisse
682 3582 727 3636 uel
741 3584 859 3652 gessisse
871 3582 1014 3638 MAOPR
1027 3599 1045 3636 a
1055 3599 1092 3637 er
1110 3583 1266 3653 gessissem
1303 3582 1336 3636 13
1350 3597 1420 3650 spn-

270 3670 405 3725 letumT
474 3674 587 3740 maiore,
607 3675 706 3741 cora(
736 3671 811 3739 .1?)
830 3673 952 3742 magicae
971 3672 1008 3726 M
1076 3673 1114 3743 in]
1134 3674 1143 3726 i
1162 3673 1244 3744 (siet)
1262 3672 1299 3726 M
1355 3688 1420 3741 pro-

270 3759 382 3813 fuerunt
399 3761 427 3813 A
501 3761 534 3815 14
553 3761 681 3814 extelisse
705 3759 730 3814 T
751 3761 912 3816 extitissimo
932 3762 960 3815 A
1048 3761 1162 3815 miraO
1233 3762 1265 3817 15
1284 3765 1421 3816 memorat

271 3864 332 3903 esem
350 3864 406 3901 ras.
423 3863 507 3916 super
525 3848 582 3901 10
657 3849 744 3902 inulta
760 3849 798 3903 M
815 3853 859 3914 (m.
879 3849 1026 3917 2multss)
1045 3849 1101 3902 ΑΡ
1117 3849 1178 3903 edd.
1253 3849 1285 3905 16
1304 3853 1421 3918 possent

268 3935 357 3991 MOR
375 3936 436 3994 edd.
512 3937 543 3989 17
564 3938 721 4006 quaestioni
738 3939 766 3991 A
785 3937 846 3992 edd.
928 3940 999 3992 sicut
1018 3943 1081 3992 ante
1101 3938 1170 3991 dixit
1186 3954 1240 3992 nou
1259 3937 1287 3992 A
1304 3938 1372 3993 siut
1391 3945 1418 4004 (e

268 4027 350 4092 crea)
372 4031 436 4080 ante
459 4023 505 4080 dii
527 4043 580 4080 non
600 4027 627 4080 P
648 4027 672 4082 si
694 4032 727 4080 nt
751 4031 814 4081 ante
838 4025 883 4080 dii
906 4045 959 4081 non
984 4028 1017 4081 M
1041 4030 1086 4096 (u
1111 4026 1417 4082 erusom.utus'd.1

269 4111 334 4175 diri)
357 4113 381 4167 0
397 4115 420 4168 si
439 4120 552 4169 utente
571 4115 640 4170 dixit
651 4133 707 4170 non
720 4115 749 4171 R
764 4132 805 4170 oe
824 4116 848 4170 si
867 4123 898 4171 ut
916 4120 979 4171 ante
999 4115 1053 4170 dixi
1071 4133 1126 4171 nou
1145 4122 1205 4170 cett.
1224 4116 1285 4171 edd.
1344 4115 1415 4186 eius]

269 4202 310 4256 eis
331 4203 354 4255 0
434 4203 468 4258 18
486 4203 645 4272 epistolario
664 4205 702 4257 M
716 4209 761 4273 (m.
782 4210 802 4258 2
821 4205 1009 4274 epistularum)
1029 4205 1056 4260 A
1140 4205 1173 4258 19
1191 4209 1291 4271 utere,
1309 4219 1343 4257 ιιι.
1362 4204 1416 4256 ai

267 4290 354 4346 taceri
370 4291 399 4344 P
469 4296 512 4346 est
530 4287 626 4362 p'assus
644 4293 705 4350 edd.
761 4295 796 4348 20
815 4293 904 4364 reddi]
925 4293 1015 4349 reddit
1036 4295 1062 4348 T
