3092 4959
493 362 759 432 epistularum
789 360 916 417 CLXXX.
1210 366 1274 429 699

123 558 303 633 contristet,
328 558 413 623 sicut
432 558 526 621 deum
546 578 733 639 cognoscere.
759 577 829 621 cum
851 562 1096 641 cognoscentem
1116 558 1275 623 hominem

122 665 217 744 facit3
250 665 310 729 hoc
349 664 431 729 enirn
469 665 591 731 dictum
628 664 670 729 ad
705 666 865 729 Abraham
902 665 972 747 ipse
1010 665 1274 729 commemorasti.

122 789 325 853 nequaqnam
358 777 434 837 sunt
471 772 534 837 ista
566 771 740 847 mendacia,
779 771 864 854 quod
896 771 991 835 etiam
1023 772 1093 854 ipse
1124 770 1275 835 facillime

123 878 277 942 aduertis.
305 878 436 959 proinde
459 879 572 943 beatus
601 879 743 943 Hilarius
767 898 840 943 cum
865 878 1032 944 obscuram
1058 878 1275 960 quaestionem

90 986 185 1048 ahoe
224 1004 337 1070 genere
377 985 518 1068 tropicae
554 986 728 1050 locutionis
765 985 901 1067 aperuit,
943 988 979 1049 ut
1016 986 1276 1069 intellegeremus

121 1092 153 1155 in
180 1109 217 1154 eo
241 1110 276 1155 ee
303 1091 408 1156 minus
438 1091 555 1156 dixisse
584 1092 788 1167 nescientem,
817 1092 847 1155 in
878 1110 940 1173 quo
965 1092 1045 1157 alios
1069 1092 1147 1157 facit
1171 1092 1276 1156 occul-

121 1198 221 1262 tando
249 1199 438 1275 nescientes,
467 1218 528 1265 nou
558 1199 724 1265 excusauit
752 1199 964 1279 mendacium,
994 1199 1051 1263 sed
1075 1198 1275 1263 mendacium

121 1324 186 1368 nou
219 1323 289 1369 csse
321 1305 514 1370 monstrauit
544 1322 607 1369 non
638 1306 743 1371 solum
774 1305 807 1369 in
840 1305 891 1369 his
924 1304 1146 1369 usitatioribus
1175 1304 1275 1384 tropis

123 1430 236 1475 uerum
256 1412 288 1475 in
311 1412 369 1475 illa
386 1413 483 1477 etiam
508 1430 588 1493 quae
613 1412 791 1495 appellatur
810 1412 1004 1493 metaphora,
1025 1430 1105 1493 quae
1124 1410 1274 1493 loquendi

77 1537 104 1577 ro
122 1519 355 1583 consuetudine
388 1518 536 1584 omuibus
569 1523 645 1583 uota
678 1520 736 1584 est.
776 1538 848 1583 uam
881 1537 1039 1601 gemmare
1072 1518 1165 1591 uites,
1200 1517 1275 1581 lluc-

122 1632 213 1689 tuate
237 1629 374 1708 segetes,
398 1624 508 1689 llorere
533 1626 664 1691 iuuenes
689 1625 861 1690 contendet
880 1625 1038 1707 quispiam
1059 1642 1129 1687 esse
1149 1623 1275 1687 menda-

123 1734 220 1809 cium,
254 1732 339 1812 quod
371 1732 403 1796 in
436 1731 486 1795 his
508 1731 603 1795 rebus
627 1749 685 1795 nec
709 1731 812 1795 undas
840 1750 897 1795 uec
925 1730 1046 1812 lapides
1077 1747 1133 1794 nec
1162 1730 1275 1793 herbas

122 1840 177 1903 uel
200 1838 326 1903 arbores
351 1836 450 1914 uidet,
475 1838 531 1901 ubi
554 1837 679 1918 proprie
703 1837 767 1901 ista
789 1838 887 1902 uerba
911 1836 1080 1900 dicuntur?

32 1942 51 2002 4
169 1945 267 2009 Porro
298 1948 405 2009 autern
443 1963 499 2027 pro
536 1947 593 2007 tuo
627 1944 753 2027 iugenio
787 1948 882 2026 atque
911 1943 1087 2008 eruditione
1125 1944 1276 2007 facillime

77 2070 102 2109 rs
122 2051 290 2134 perspicis,
320 2055 473 2133 quantum
499 2051 537 2115 ab
562 2051 612 2115 his
637 2050 770 2121 differat,
800 2050 884 2131 quod
909 2049 955 2113 ait
977 2051 1158 2133 apestolus:
1184 2050 1275 2117 Cum

122 2158 304 2234 uiderem,
327 2158 422 2242 quia
454 2176 522 2223 uon
555 2161 660 2224 recte
692 2157 962 2241 ingrediuntur
994 2156 1038 2220 ad
1071 2156 1275 2221 ueritatem

123 2264 327 2347 euangelii,
357 2264 432 2328 dixi
462 2264 574 2329 Petro
604 2282 731 2327 coram
756 2262 944 2328 omnihus:
972 2262 1010 2329 si
1034 2266 1084 2339 tu,
1114 2282 1195 2327 cum
1222 2264 1275 2329 sis

121 2371 302 2452 Iudaeus,
324 2371 525 2454 gentiliter
543 2377 580 2435 et
598 2385 668 2435 nou
694 2370 847 2434 ludaice
872 2370 985 2447 niuis,
1011 2388 1118 2451 quem
1143 2370 1186 2433 ad
1205 2390 1274 2435 mo-

122 2479 210 2542 dum
229 2483 361 2561 gentes
381 2478 489 2561 cogis
508 2478 726 2543 iudaizare?
746 2479 834 2543 nulla
854 2482 903 2541 est
922 2478 973 2541 hic
992 2478 1115 2559 tropica
1134 2477 1274 2541 obscuri-

73 2602 102 2642 ac
122 2588 184 2653 tas.
204 2585 302 2649 uerba
320 2587 395 2649 sunt
412 2586 539 2667 propria
558 2589 683 2665 apertae
704 2585 884 2649 locutionis.
902 2585 962 2649 hoc
981 2586 1122 2665 prolecto
1143 2584 1276 2647 doctor

122 2694 296 2775 gentium
320 2691 381 2765 his,
407 2710 487 2774 quos
512 2692 715 2773 parturiebat,
740 2692 839 2756 donec
860 2692 1008 2757 Christus
1031 2692 1221 2755 formaretur
1244 2690 1274 2753 in

122 2800 182 2873 eis,
215 2803 247 2862 et
279 2798 396 2881 quihus
433 2798 493 2863 sub
531 2797 641 2862 diuina
677 2798 888 2862 adtestatione
926 2798 1135 2880 praedixerat:
1174 2796 1274 2875 Quae

122 2907 250 2969 autem
271 2904 540 2981 scribouobis,
561 2923 789 2969 eccecerarn
811 2905 887 2980 dec,
909 2905 1082 2986 quianon
1104 2906 1275 2980 mentior,

121 3016 180 3075 eut
211 3030 323 3075 uerrrm
357 3011 437 3075 dirit
468 3015 524 3074 aut
555 3012 686 3091 falsum;
721 3013 747 3075 si
782 3011 910 3087 falsum,
945 3012 1029 3092 quod
1062 3012 1155 3090 absit,
1195 3030 1274 3093 quae

70 3136 100 3179 2⁵
122 3122 308 3200 sequantur,
345 3118 486 3182 aduertis
519 3119 541 3198 †
580 3122 611 3181 et
648 3118 740 3181 ambo
773 3118 836 3181 ista
873 3118 1095 3183 exhorrescens
1129 3119 1277 3183 admonet

121 3226 271 3290 ueritatis
300 3224 455 3289 indicium
484 3228 517 3288 et
544 3226 574 3289 in
604 3225 749 3306 apostolo
780 3226 873 3288 Petro
903 3226 1057 3289 mirabilis
1083 3224 1275 3291 humilitatis

121 3333 314 3413 exemplum.

216 3524 228 3574 1
250 3521 316 3576 Gen.
336 3523 379 3585 22,
401 3524 432 3575 12
496 3524 512 3575 4
531 3521 618 3575 Hilar.
638 3521 671 3575 de
690 3522 777 3575 trinit.
796 3522 835 3575 IX
855 3524 888 3575 62
908 3540 967 3592 sqq.
987 3522 1089 3591 (iligna
1109 3524 1206 3592 patrol.
1225 3524 1274 3580 lat.

122 3613 146 3666 X
166 3630 193 3681 p.
213 3613 266 3665 330
285 3617 356 3681 sqq.)
450 3612 483 3663 15
503 3610 563 3663 Gal.
582 3610 608 3677 2,
632 3612 663 3663 14
754 3612 789 3664 20
808 3611 821 3664 Ι
840 3611 908 3664 Tim.
928 3612 952 3679 2,
974 3612 988 3664 7
1062 3611 1094 3665 21
1117 3610 1175 3667 Gal.
1195 3612 1221 3679 4,
1243 3612 1275 3665 19

121 3704 157 3755 22
178 3700 237 3756 Gal.
259 3702 283 3767 l,
302 3702 336 3755 20

160 3830 173 3881 l
195 3828 276 3880 deum
296 3843 355 3880 cnm
381 3824 435 3878 VU
451 3825 529 3877 deum
550 3826 618 3876 scire
639 3841 697 3876 cum
717 3824 794 3889 edd.,·
815 3826 914 3892 scripsi
934 3824 1012 3877 alcum
1033 3842 1195 3893 cognoscere
1215 3842 1273 3877 curn

121 3934 172 3972 aec.
192 3932 264 3970 sacr.
285 3916 337 3969 litt.
410 3913 530 3982 3qu0dl
550 3919 581 3964 ut
601 3912 657 3965 ier
747 3914 829 3966 etiarn
850 3928 900 3967 om.
921 3914 980 3966 edd.
1060 3914 1147 3966 hhoc
1166 3914 1275 3982 genere]

122 4009 238 4061 obscuro
258 4005 309 4058 hoc
329 4002 586 4057 isrobecurohcc
606 4018 748 4070 generem
796 4003 928 4071 tinuimus]
949 4003 1074 4055 nimirum
1094 4020 1120 4054 m
1170 4003 1275 4071 Sesea]

123 4114 183 4150 esse
201 4093 373 4148 mendacium
391 4091 572 4159 (mendacium
590 4096 662 4157 exp.)
686 4089 713 4143 U
795 4092 907 4158 tropicis
931 4091 956 4143 V
974 4092 1008 4144 tr
1100 4092 1132 4145 13
1151 4091 1207 4159 uel]
1228 4107 1276 4143 nec

122 4185 184 4240 edd.
278 4184 311 4237 16
330 4182 519 4249 ingrederetur
543 4180 568 4231 V
586 4180 642 4232 lar
732 4180 766 4231 25,
785 4180 817 4231 in
836 4196 921 4247 ruarp.
942 4180 1111 4247 adscriptum
1135 4184 1173 4232 eat
1197 4178 1275 4232 crode

123 4273 235 4327 deliciet
252 4271 298 4325 hic
317 4272 345 4325 in
364 4274 440 4323 textu
464 4268 490 4323 U
562 4268 736 4320 exhorrescas
755 4268 816 4320 edd.
890 4273 998 4321 aaronet
1017 4269 1073 4322 lar
