3092 4959
496 368 763 439 epistularum
793 368 950 426 CXXXVII.
1235 374 1296 440 125

144 563 207 628 tide
231 563 348 628 uiuunt
366 583 502 647 eumque
520 564 572 646 pie
592 566 709 642 colunt,
730 564 798 630 sine
818 565 902 628 mala
920 565 1016 629 huius
1036 566 1122 630 uitae
1142 566 1298 648 patienter

146 669 333 753 fortiterque
358 671 557 754 experiantur
579 671 650 735 siue
672 670 764 736 bonis
790 671 857 736 eius
887 671 1136 736 misericorditer
1159 691 1195 736 ac
1218 675 1297 736 tem·

145 780 291 862 peranter
313 781 454 854 utantur,
475 780 637 842 aeternum
660 797 716 860 pro
741 781 876 860 utroque
894 779 1069 862 praemium
1090 779 1247 862 recepturi
1264 780 1296 844 in

146 884 280 949 ciuitate
299 903 436 966 superna
454 888 549 967 atque
568 884 687 964 diuina,
701 885 756 950 ubi
776 885 839 950 iam
854 903 914 949 non
930 885 973 950 sit
987 885 1121 950 moleste
1135 884 1298 950 toleranda

111 1017 126 1058 s
147 991 312 1056 calamitas
336 1009 392 1055 nec
415 990 571 1056 laboriose
594 991 745 1056 frenanda
773 991 932 1074 cupiditas
961 993 1017 1056 sed
1041 992 1109 1058 sola
1137 993 1203 1057 sine
1232 992 1299 1056 ulla

146 1095 335 1160 difficultate
359 1100 392 1161 et
415 1115 488 1161 cum
511 1097 652 1180 perlecta
673 1098 821 1164 libertate
844 1098 1007 1162 retinenda
1032 1099 1082 1164 dei
1106 1102 1138 1164 et
1164 1098 1298 1182 proximi

146 1202 272 1269 caritas.
293 1202 486 1268 incolumem
504 1203 740 1287 felicioremque
758 1208 791 1270 te
811 1205 1110 1271 misericordissima
1129 1205 1179 1270 dei
1199 1205 1298 1270 omni·

144 1310 289 1394 potentia
323 1313 461 1387 tueatur,
503 1309 630 1374 domine
671 1311 815 1376 inlustris
858 1315 891 1375 et
930 1312 1042 1376 merito
1085 1312 1219 1396 insignis
1261 1329 1298 1376 ac

144 1416 421 1498 praestantissime
431 1415 486 1482 fili.
498 1419 641 1481 sanctam
652 1419 685 1482 et·
698 1417 729 1481 in
740 1416 867 1482 Christo
884 1417 1070 1502 dignissime
1084 1418 1297 1483 honorandam

97 1551 126 1590 10
145 1525 291 1601 matrem,
311 1524 403 1587 cuius
422 1543 478 1606 pro
498 1526 530 1587 te
554 1541 663 1605 preces
687 1523 765 1588 deus
786 1523 941 1602 exaudiat,
961 1543 1017 1606 pro
1037 1525 1159 1588 meritis
1178 1525 1297 1590 uestris

145 1627 381 1695 officiosissime
391 1628 506 1696 seluto.
522 1635 652 1694 sanctus
662 1631 800 1694 frateret
810 1630 1018 1713 coepiscopus
1029 1630 1297 1696 meusPossidius

144 1736 373 1820 praestantiam
396 1739 537 1802 uestram
560 1737 699 1801 multum
724 1736 852 1802 salutat.

185 1945 198 1998 1
217 1947 352 2014 patenter,
371 1961 405 1998 m.
425 1948 441 1998 1
458 1960 528 2001 corr.
552 1945 689 2014 patienter
706 1945 744 1998 Μ
831 1947 848 1998 2
872 1947 1048 2014 expectantur
1066 1943 1099 1998 K
1185 1943 1250 1998 boni
1269 1945 1298 1998 D

184 2039 249 2087 onte
268 2049 300 2087 ec
317 2050 373 2087 rao.
392 2036 465 2087 1-a
485 2034 502 2089 l.
524 2032 551 2086 Τ
629 2035 646 2086 4
664 2035 782 2087 molesta
799 2032 833 2086 H
909 2035 925 2086 5
943 2050 994 2087 nec
1011 2033 1148 2088 laboriose
1166 2031 1299 2087 frenanda

145 2120 283 2190 cupiditas
302 2137 353 2175 om.
372 2121 421 2175 ΟΒ
475 2121 612 2176 laboriosa
626 2125 668 2174 est
681 2121 813 2175 frenanda
826 2125 871 2190 (m.
886 2125 902 2174 1
916 2137 985 2178 corr.
1000 2120 1143 2187 frenanda)
1163 2120 1299 2176 Wlabori

146 2225 176 2262 se
195 2208 329 2264 uenando
347 2210 376 2263 D
394 2210 495 2264 laboris
515 2209 663 2265 eirenanda
680 2211 737 2264 ΑΡ
751 2209 853 2264 laboris
873 2211 1028 2264 effrenando
1046 2210 1084 2264 M
1153 2208 1246 2280 cupidi
1257 2208 1298 2262 di·

145 2301 192 2351 tas
209 2299 237 2351 A
311 2298 381 2367 sine]
402 2299 425 2351 si
443 2299 471 2352 A
521 2301 647 2358 ¹ticum
667 2316 718 2353 om.
740 2299 942 2354 CDRMAKP
1013 2299 1068 2368 dei]
1089 2297 1183 2352 christi
1205 2296 1299 2352 ΤΗΡι

146 2387 163 2440 7
185 2387 297 2456 caritas]
318 2388 418 2441 caritas
436 2387 553 2441 feliciter
566 2387 597 2440 D
615 2388 714 2441 ceritas
733 2403 811 2441 amen
831 2386 869 2440 P1
889 2389 987 2441 caritas
1007 2387 1107 2441 etalio
1126 2404 1207 2440 runnu
1225 2403 1298 2440 reco-

146 2476 233 2546 gnoni
251 2476 286 2530 K
368 2477 683 2530 incolumem-multum
701 2477 806 2530 salutat
824 2493 875 2530 om.
899 2475 1019 2531 ΤΒΗΡ1
1091 2481 1119 2529 te
1138 2475 1300 2529 feliciorem·

146 2581 201 2634 que
222 2563 263 2618 W
330 2569 359 2619 te
378 2581 429 2619 om.
448 2564 510 2620 RK
615 2565 811 2635 omnipotentis
835 2565 1018 2619 eximietatem
1041 2568 1116 2618 tunm
1142 2567 1251 2617 tueatur
1269 2563 1303 2616 K

146 2654 294 2710 8inlnstri
316 2653 390 2708 ΨΜ
463 2654 505 2723 ac]
526 2655 598 2709 etO
688 2656 722 2709 10
741 2655 807 2708 deus
826 2671 920 2724 preces
942 2653 1083 2710 WPcdcl.
1162 2651 1228 2705 deus
1247 2668 1298 2706 om.

148 2742 234 2799 GRK
340 2742 450 2796 exaudit
467 2743 497 2796 D
562 2745 592 2796 ll
614 2743 865 2797 sanctus-salutat
884 2758 934 2797 om.
953 2743 984 2796 D
1073 2742 1157 2796 irater
1177 2757 1226 2795 om.
1250 2740 1299 2795 CR

148 2833 183 2887 12
203 2833 467 2904 praestantissimam
489 2831 528 2886 W
596 2833 712 2886 multum
731 2835 851 2886 nestram
871 2833 897 2884 A
