3092 4959
498 385 763 454 epistularum
791 387 895 443 CXXX.
1228 393 1272 460 73

114 577 202 642 dum
237 579 346 645 deum
383 580 608 663 interpellat
639 601 703 664 pro
737 583 894 662 sanctie,
928 586 1012 668 quod
1043 607 1104 654 non
1140 589 1186 654 eie
1220 593 1270 654 est

112 684 379 770 intellegendum,
406 690 444 752 ut
471 687 689 754 existimemus
718 692 862 756 sanctum
891 693 1038 774 spiritum
1067 695 1129 774 dei,
1154 695 1208 778 qui
1236 695 1269 760 in

112 795 258 859 trinitate
281 793 552 860 incommutabilia
576 795 656 861 deun
680 800 730 861 eet
757 801 790 861 et
818 817 890 863 cum
918 803 1006 882 patre
1035 806 1067 866 et
1096 801 1160 866 filio
1185 821 1268 868 unua

113 901 207 980 deus,
236 905 399 984 tamquam
426 899 575 984 aliquem,
604 903 747 985 quinon
778 905 830 982 sit,
860 906 944 988 quod
974 907 1052 972 deus
1087 911 1145 986 eet,
1173 907 1267 973 inter·

75 1007 235 1091 apellare
267 1027 323 1091 pro
357 1008 491 1084 nanctis3
529 1008 650 1073 dictum
684 1014 734 1075 eet
766 1012 899 1094 quippe:
937 1013 1168 1097 Interpellat
1203 1033 1267 1098 pro

112 1116 274 1194 sanctie,
307 1116 382 1199 quia
412 1115 614 1196 interpellare
646 1121 772 1182 sanctos
804 1118 892 1198 fecit,
925 1119 1010 1186 sicut
1042 1120 1162 1186 dictum
1202 1123 1268 1186 eet:

112 1223 293 1307 Temptat
319 1241 387 1290 uoe
415 1223 587 1288 dominus
616 1223 708 1289 deus
737 1227 877 1304 uester,
906 1229 947 1291 ut
980 1228 1088 1304 sciat,
1118 1229 1150 1292 si
1184 1227 1268 1292 dili·

113 1331 212 1416 gitis
245 1349 337 1410 eum,
365 1331 426 1396 boc
455 1334 504 1395 eut
530 1333 569 1396 ut
596 1330 678 1396 ecire
705 1349 765 1395 uoa
793 1331 898 1398 iaciat.
929 1333 1135 1417 interpellare
1158 1336 1267 1416 itaque

112 1441 245 1504 nanetus
264 1436 342 1502 facit
360 1437 532 1522 gemitibus
552 1437 814 1503 inenarrabilibus
834 1438 991 1522 inspirans
1006 1441 1051 1506 eie
1072 1441 1265 1506 desiderium

61 1545 211 1610 ucetiam
242 1543 345 1609 adhuc
371 1542 550 1629 incognitae
578 1547 685 1610 tantae
712 1545 767 1622 rei,
797 1565 892 1627 quam
920 1565 976 1629 per
1002 1546 1187 1630 patientiam
1217 1567 1268 1612 er-

111 1655 290 1733 pectamue.
313 1669 376 1734 quo
399 1651 494 1716 modo
518 1651 600 1716 euim
623 1655 777 1729 narretur,
802 1653 926 1734 quando
951 1653 1156 1732 desideratur,
1181 1653 1266 1737 quod

111 1759 299 1843 ignoratur?
323 1777 395 1822 uam
418 1759 540 1840 utique,
561 1758 589 1823 ei
612 1759 698 1822 omni
721 1758 815 1823 modo
833 1760 1042 1843 ignoraretur,
1061 1780 1123 1826 non
1143 1761 1265 1826 deside-

110 1867 239 1929 raretur
256 1867 289 1928 et
305 1883 426 1942 rureue,
447 1865 475 1930 ei
493 1863 665 1941 uideretur,
685 1884 744 1930 non
765 1865 997 1931 desideraretur
1014 1885 1072 1932 nec
1091 1867 1267 1952 gemitibus

111 1974 328 2053 quaereretur.

5 2073 35 2137 :9
61 2101 90 2140 ra
157 2076 249 2141 Haec
276 2077 381 2142 omniu
407 2075 608 2142 considerans
637 2081 669 2142 et
696 2077 725 2142 ei
753 2077 830 2160 quid
858 2079 945 2143 uliud
978 2078 1016 2144 de
1049 2079 1108 2144 hac
1140 2097 1173 2144 re
1205 2077 1265 2143 tibi

114 2183 266 2248 dominus
279 2183 499 2261 insinuauerit,
519 2184 603 2266 quod
622 2185 674 2248 uel
692 2184 771 2249 milri
790 2204 851 2250 non
871 2187 1008 2251 recurrit
1026 2185 1078 2250 uel
1097 2185 1159 2251 dici
1178 2203 1196 2250 a
1214 2203 1269 2250 me

113 2288 250 2373 longum
272 2289 344 2368 fuit,
370 2293 515 2354 concerta
536 2289 569 2353 in
594 2291 734 2356 oratioue
762 2291 889 2357 uincere
917 2293 976 2357 hoc
1006 2293 1184 2368 saeculum3
1214 2309 1269 2356 ora

114 2398 148 2462 in
175 2415 243 2479 ape,
267 2415 321 2461 nra
343 2396 479 2462 fideliter
500 2400 534 2461 et
556 2401 706 2475 amanter,
732 2418 783 2464 ora
807 2400 962 2464 instanter
985 2403 1079 2482 atque
1102 2399 1269 2483 patienter,

211 2590 226 2642 'i
245 2587 327 2642 Dent.
348 2589 390 2653 13,
409 2589 426 2643 3

156 2697 171 2748 l
186 2711 235 2764 pro
250 2694 352 2749 sanctia
365 2695 522 2764 interpellat
540 2693 563 2749 O
616 2698 658 2748 eet
672 2712 722 2750 om.
737 2695 764 2750 L
801 2697 817 2750 2
831 2697 990 2751 extimemus
1004 2697 1068 2752 HK
1080 2698 1225 2752 existamus
1245 2695 1272 2750 0

117 2782 242 2845 cuiatem,
260 2799 295 2835 m.
311 2785 330 2834 3
344 2783 526 2837 existimemus
540 2781 575 2837 P¹
591 2784 745 2837 estimemua
766 2783 792 2836 V
843 2787 966 2838 sanctum
979 2801 1029 2839 om.
1049 2785 1072 2840 0
1113 2787 1129 2839 3
1144 2785 1264 2840 incomo-

117 2870 216 2924 tabilia
238 2869 493 2925 Oincommutabili
511 2871 607 2924 ΙΓΑΡ2
677 2871 767 2925 deiO
824 2875 974 2943 itumqui,
994 2891 1027 2927 or.
1048 2877 1067 2928 2
1086 2873 1270 2943 tamquam&

154 2959 342 3028 interpellare]
363 2960 442 3014 deum
460 2960 633 3030 interpellare
647 2961 739 3015 HPK
754 2966 847 3030 (anper
864 2966 924 3032 terp
945 2981 973 3016 a.
985 2979 1020 3016 m.
1039 2963 1231 3017 minutissimis
1251 2963 1269 3016 1.

116 3053 203 3114 unua)
217 3047 303 3103 P¹1V
319 3049 477 3119 interpellat
489 3049 516 3103 L
552 3051 568 3104 5
589 3051 688 3120 quippe
709 3056 751 3104 eet
768 3051 828 3104 edd.
886 3069 933 3120 pro
952 3052 1052 3106 nanctis
1072 3050 1274 3119 interpellato

118 3139 273 3206 itempta,
291 3154 325 3191 m.
345 3142 500 3209 3temptat
518 3138 555 3193 Ρι
626 3141 648 3193 si
668 3157 729 3206 om,
746 3156 768 3194 a.
788 3157 816 3194 a.
836 3141 901 3195 add.
926 3141 952 3194 V
1026 3140 1179 3209 diligeritis,
1200 3155 1269 3195 corr.

119 3225 242 3296 diligitis
269 3226 296 3279 V
316 3227 439 3296 diligatia
461 3227 488 3280 L
510 3229 570 3283 edd.
593 3245 644 3283 aec.
672 3228 751 3298 Vuiq.
843 3231 859 3283 8
884 3233 926 3284 eat
949 3229 989 3298 ut]
1016 3232 1099 3283 utut
1123 3229 1149 3280 L
1172 3231 1215 3282 est
1236 3228 1276 3280 M

157 3314 276 3370 iaciat¹
344 3317 439 3386 utique
457 3317 612 3372 MFAOP²
700 3318 810 3388 iterii,
830 3335 898 3373 corr.
919 3319 1021 3373 lacit]
1098 3317 1226 3387 gentibue
1244 3318 1271 3369 Α

159 3405 266 3474 apirauo
288 3403 311 3458 O
366 3406 400 3460 10
417 3405 527 3476 incogui
545 3411 589 3476 (m.
609 3412 624 3461 1
645 3424 714 3462 corr.
735 3407 885 3477 incognite)
904 3411 980 3462 tante
1000 3408 1039 3461 rei
1053 3406 1086 3459 K
1101 3407 1270 3475 incognitum

120 3495 149 3549 ei
168 3493 197 3548 L
268 3493 441 3563 patientium
460 3495 494 3548 K
546 3497 577 3551 11
597 3500 723 3551 dematur
743 3495 894 3551 ΜΙ<ἰ1οΡ2
912 3497 973 3552 cdd.
1030 3497 1063 3548 12
1082 3497 1155 3564 nam]
1176 3511 1229 3548 non
1251 3493 1277 3546 0

160 3582 248 3636 omnir
270 3581 390 3637 model
410 3585 519 3639 omnino
542 3585 565 3638 0
670 3603 724 3639 uon
748 3585 948 3642 desideraretur
971 3585 1168 3652 om.,m.1in
1186 3597 1275 3652 nnurg.

121 3671 192 3726 aad.
211 3670 242 3724 F
256 3687 310 3726 non
328 3671 358 3725 id
376 3671 576 3728 desideraretur
595 3673 618 3728 0
700 3675 733 3728 13
752 3673 918 3728 uidenaretur
936 3674 956 3728 1
1027 3674 1060 3726 14
1081 3675 1277 3742 quaeraaretur

120 3767 209 3830 (port.
228 3781 245 3817 a
263 3779 298 3817 m.
312 3766 327 3817 1
341 3764 412 3830 erp.)
431 3763 460 3816 1’1
478 3767 654 3832 quaereretur
671 3763 704 3816 K
720 3767 866 3833 quaeretur
885 3765 926 3831 (in
943 3777 1030 3832 marg.
1050 3761 1134 3815 irater
1152 3759 1272 3830 quidem)

124 3850 151 3905 0
243 3853 276 3907 15
300 3852 324 3906 ai
348 3851 399 3905 libi
422 3851 488 3922 quid
507 3851 581 3906 alind
601 3851 634 3905 de
652 3852 702 3906 hac
720 3869 750 3906 re
769 3852 894 3906 dominus
916 3850 939 3903 Ο
1031 3853 1062 3905 16
1082 3849 1128 3904 uel
1146 3846 1218 3918 quod
1236 3845 1280 3900 1³²

160 3940 309 3996 occurrerit
325 3939 366 3995 P²
418 3940 471 3996 dici
490 3943 587 4010 (port-r.
608 3941 624 3995 l.
644 3959 677 4000 m.
697 3946 713 3995 1
730 3942 763 3994 in
781 3941 888 4006 raa.)I
924 3941 955 3994 17
976 3939 1037 4006 init,
1057 3955 1091 3992 m.
1112 3942 1131 3992 2
1149 3937 1233 3990 inerit
1252 3935 1279 3989 V

161 4034 289 4086 concerta
312 4031 341 4084 in
364 4030 497 4098 oratioue]
520 4046 600 4099 quam
624 4035 751 4086 concerta
768 4031 940 4099 ignoratione
960 4032 1051 4098 (quarn
1072 4031 1097 4081 et
1116 4043 1133 4095 g
1152 4028 1224 4093 emp.)
1250 4024 1279 4077 V

121 4137 206 4191 quam
226 4122 301 4174 certa
318 4117 490 4190 ignoratione
507 4117 602 4172 ΡΚΡ1
624 4123 716 4187 (quam
734 4136 767 4174 m.
790 4123 808 4173 3
827 4119 890 4184 del.)
909 4117 929 4171 1
953 4121 980 4180 (a
998 4117 1009 4170 i
1027 4121 1052 4170 et
1075 4117 1149 4169 tione
1168 4116 1199 4168 in
1217 4129 1274 4168 raa.

120 4228 158 4265 m.
177 4215 205 4276 1)
225 4225 307 4278 quam
327 4211 401 4262 certa
418 4207 617 4276 ignorationem
636 4208 669 4260 H
722 4207 755 4261 18
775 4207 866 4261 orullill
886 4207 956 4274 (suit
974 4222 1001 4259 m
1021 4211 1071 4259 aut
1090 4205 1128 4271 in)
1147 4201 1177 4256 F
1247 4205 1278 4256 et

121 4301 249 4354 amanter
268 4312 320 4352 om.
344 4296 371 4349 V
439 4295 569 4365 inianter,
588 4313 622 4350 m.
642 4299 662 4350 2
678 4297 813 4351 instanter
832 4297 864 4349 H
