3092 4959
284 392 349 455 392
642 394 669 447 S.
698 394 838 446 Aureli
864 393 1086 462 Augustini

285 605 357 661 una,
382 586 531 668 qnoniam
554 588 706 665 laborem,
736 607 830 670 quem
855 588 886 652 in
910 588 967 652 illa
989 589 1067 652 urbe
1090 589 1213 671 perpeti
1235 607 1367 654 necesse
1389 594 1435 653 est

285 698 318 757 eb
341 712 437 775 quern
461 693 488 757 si
512 712 666 777 exponere
690 694 800 772 uelim,
825 695 912 760 aliud
932 698 1058 759 lantum
1076 695 1271 779 loquendum
1292 700 1352 774 est,
1375 696 1435 760 iam

285 800 442 865 sustinere
469 820 531 865 non
559 819 703 883 possum,
736 801 823 884 quod
848 802 1027 866 infirmitati
1054 822 1143 867 meae
1170 804 1327 886 propriae,
1359 821 1435 885 quac

284 910 360 973 nota
383 912 433 972 esi
456 909 613 987 omnibns,
635 909 689 992 qui
713 908 902 974 familiarius
926 930 978 974 rne
1000 913 1169 986 nonerunt,
1190 910 1436 975 necessitatium

285 1017 445 1089 senectus
469 1032 550 1097 quas
574 1016 699 1098 generis
723 1016 854 1080 humani
873 1020 924 1081 est
942 1015 1120 1082 communis
1138 1016 1320 1083 infirmitas.
1343 1017 1437 1079 altera
1463 1028 1473 1065 ⁵

285 1140 382 1186 causa
410 1125 469 1200 esi,
503 1122 587 1204 quod
616 1123 726 1200 staini,
756 1124 783 1186 si
812 1122 961 1188 dominus
988 1124 1079 1199 uelit,
1112 1126 1267 1206 quantum
1296 1124 1376 1188 mibi
1401 1123 1436 1186 ab

285 1228 356 1292 aliis
376 1227 651 1309 occupationibus,
676 1248 754 1312 quas
775 1230 938 1306 ecclesiae,
959 1231 1011 1295 cui
1029 1232 1157 1314 proprio
1175 1250 1305 1295 munere
1325 1230 1436 1294 seroio.

285 1334 461 1399 necessitas
484 1334 619 1417 flagitat,
649 1334 742 1398 datur
764 1338 929 1419 temporis.
958 1337 990 1400 id
1014 1340 1119 1401 totum
1147 1336 1319 1420 inpendere
1341 1336 1436 1400 labori

285 1441 466 1505 studiorum
503 1441 542 1503 ad
580 1441 815 1506 ecclesiasticas
852 1444 977 1507 litteras
1018 1444 1257 1526 pertinentium,
1299 1445 1356 1508 ubi
1389 1462 1435 1505 me

285 1548 429 1625 arbitror,
464 1549 490 1612 si
520 1548 571 1612 dei
602 1547 839 1613 misericordiae
871 1550 986 1632 placeb,
1020 1551 1116 1615 etiam
1148 1551 1287 1634 posteris
1320 1547 1434 1632 aliquid
1449 1566 1469 1599 ¹⁰

284 1653 499 1735 profuturum.

221 1763 262 1825 14
330 1760 437 1825 Unum
471 1763 520 1825 est
552 1764 670 1839 autem,
704 1761 732 1825 si
764 1781 878 1825 uerum
911 1762 1037 1845 quaeris
1069 1763 1189 1839 audire,
1226 1762 1314 1844 qnod
1345 1762 1375 1825 in
1405 1768 1432 1823 te

284 1866 513 1931 molestissime
533 1866 609 1943 fero,
634 1867 728 1950 quod,
753 1887 827 1933 curn
847 1869 892 1932 sis
912 1872 945 1934 ob
962 1869 1059 1933 huius
1077 1870 1140 1933 iam
1161 1869 1276 1933 aetatis
1295 1872 1327 1932 et
1345 1867 1432 1930 buius

285 1974 371 2037 uitae
399 1976 494 2056 atque
521 1975 700 2056 probitatis,
733 1976 838 2041 adbuc
871 1977 922 2041 uis
955 1996 1026 2041 esse
1058 1977 1317 2049 catechumenus,
1350 1972 1431 2057 quasi

286 2080 396 2144 fideles
429 2100 490 2145 non
523 2082 659 2164 possins,
698 2086 815 2164 qnando
854 2084 917 2147 sint
953 2082 1112 2147 fideliores
1149 2086 1245 2165 atque
1282 2081 1429 2147 meliores.
1446 2096 1466 2131 1²

286 2190 375 2251 bando
394 2186 521 2252 fidelius
537 2207 573 2253 ac
586 2189 703 2253 melius
723 2188 944 2254 administrare
962 2210 1030 2255 rern
1048 2189 1220 2273 publicam.
1240 2189 1315 2273 quid
1334 2191 1430 2252 aulen

287 2293 361 2358 boni
389 2294 485 2378 agidis
514 2295 545 2357 in
573 2295 624 2359 his
653 2296 752 2360 tantis
786 2296 870 2360 curis
900 2301 933 2360 et
959 2295 1123 2361 laboribus
1156 2296 1285 2374 uestris,
1316 2293 1374 2359 nisi
1399 2308 1428 2354 nr

286 2401 365 2464 bene
385 2400 430 2464 sib
447 2400 651 2466 bominibus?
676 2403 703 2466 si
723 2404 806 2467 enirn
825 2404 885 2467 boc
905 2422 966 2467 oon
987 2404 1092 2488 agitis,
1110 2404 1163 2467 uel
1183 2402 1318 2468 dormire
1337 2401 1427 2464 salins

287 2510 337 2571 est
363 2510 473 2571 noctes
502 2508 635 2591 diesque
664 2528 758 2592 qnam
787 2510 921 2592 uigilare
943 2511 975 2574 in
1003 2510 1167 2575 laboribus
1194 2510 1333 2593 publicis
1358 2507 1428 2571 nulli

286 2612 420 2677 utilitati
438 2614 604 2680 hominurn
623 2617 810 2697 profuturis.
825 2636 883 2681 nec
898 2636 974 2681 sane
988 2617 1098 2682 dubito
1117 2618 1333 2682 excellentiam
1351 2618 1425 2680 man
1443 2633 1467 2663 a·

286 2722 434 2807 prudenti
452 2770 750 2791 .............

323 2944 339 2999 5
359 2942 503 3006 communi,
521 2961 556 2999 m.
576 2948 591 2997 1
610 2960 679 2997 corr.
700 2942 849 2997 communis
868 2942 895 2996 P
998 2942 1014 2994 6
1034 2940 1161 3009 abaliis]
1182 2955 1214 2993 ex
1230 2938 1288 2991 illis
1309 2935 1362 2990 Vc
1376 2933 1425 2988 edd.

288 3038 303 3091 8
323 3032 576 3103 flagitatl'l'r'llldm
587 3036 653 3101 (ros.
675 3035 693 3085 7
704 3035 767 3101 fere
787 3034 816 3100 l.)
836 3031 916 3086 datur
939 3029 966 3083 V
980 3030 1090 3100 flagitat
1109 3028 1175 3099 qnid
1193 3028 1276 3082 datur
1298 3025 1325 3081 U
1355 3023 1425 3078 alit-

288 3126 371 3193 teras]
392 3124 522 3177 scient-ias
546 3122 602 3176 VU
617 3124 677 3176 edd.
734 3123 767 3175 14
787 3123 882 3191 atque]
903 3137 934 3174 ao
957 3119 1014 3173 VU
1028 3120 1088 3173 edd.
1154 3120 1187 3172 15
1207 3120 1310 3186 quanto
1329 3112 1426 3169 oms

288 3230 373 3282 irrorp.
394 3211 508 3266 ocull
561 3212 617 3264 sint
635 3228 686 3265 om.
711 3210 737 3264 U
786 3212 820 3264 19
838 3213 988 3278 noctesque
1008 3207 1121 3277 diesque
1144 3206 1199 3260 VU
1216 3206 1275 3262 edd.
1325 3204 1358 3257 20
1375 3216 1428 3270 pro·

289 3304 387 3356 suturis
401 3306 570 3370 postremum
588 3300 702 3353 uerbum
721 3304 760 3351 est
779 3300 810 3351 iu
829 3298 861 3367 U,
880 3302 955 3351 tuam
974 3298 1007 3349 in
1025 3296 1063 3363 V;
1080 3297 1265 3363 insequuntur
1282 3294 1352 3347 enim
1368 3304 1428 3343 non·

288 3392 386 3445 nullae
403 3406 513 3444 caueae
526 3390 659 3458 popinae,
678 3388 779 3457 quibus
796 3394 907 3454 uterque
926 3388 1012 3439 codar
1025 3384 1130 3454 finitur
1193 3384 1225 3436 21
1247 3380 1371 3451 prodenti
1386 3392 1429 3445 pe

287 3490 414 3534 alremum
428 3480 542 3533 nubum
556 3484 594 3532 est
609 3479 640 3531 in
654 3478 681 3530 P
685 3498 695 3545 ;
712 3480 743 3530 iu
752 3476 814 3544 fine
826 3493 887 3529 una
901 3476 997 3529 littero
1015 3474 1163 3527 mouuiase
1180 3472 1303 3539 uidetur,
1316 3471 1347 3523 in
1362 3466 1429 3521 cuin*

290 3572 378 3624 locum
397 3571 471 3638 quod
488 3586 590 3621 manua
607 3584 699 3621 recens
719 3567 838 3627 addidit,
859 3565 910 3634 lopi
927 3579 986 3617 uon
1004 3568 1111 3632 φθίσω
1134 3561 1304 3614 minatur
1324 3552 1430 3625 epistda

290 3662 318 3712 in
344 3660 431 3712 medio
454 3658 600 3717 casalo,
622 3658 712 3709 altero
737 3654 809 3708 euim
827 3653 960 3707 emacula?
977 3668 1049 3720 para
1068 3657 1093 3704 et
1110 3650 1213 3718 reliqui
1234 3652 1252 3701 7
1269 3643 1429 3700 ικηίωῖΜ

291 3754 349 3801 tota
368 3749 513 3816 insequenda
532 3747 663 3799 columna
680 3744 940 3810 cenomanorum,
958 3758 1031 3811 quoe
1048 3739 1242 3809 quotmiouia
1260 3743 1299 3790 est
1316 3740 1430 3789 amno.

288 3844 354 3891 soom
376 3854 476 3891 scaeua.
