3092 4959
429 428 692 498 epistularum
721 428 827 485 CLVII.
857 428 977 483 CLVIII.
1213 434 1281 497 489

128 626 191 689 iam
207 625 238 689 in
255 624 381 689 saeculo
398 627 593 708 mergentem
612 660 655 669 -
674 612 957 689 nam'scholastioo
977 626 1177 707 proconsulis
1198 626 1278 691 erci-

128 731 236 815 picbat
258 770 301 777 —
324 750 380 814 per
403 749 507 795 meam
532 730 615 794 eruit
638 730 717 794 deus
741 730 965 796 humilitatem.
993 731 1056 796 fuit
1080 732 1218 815 quidem,
1242 737 1280 798 ut

129 839 261 921 puerilis
294 843 380 903 aetas
412 838 518 913 habet,
551 843 727 921 promptus,
760 838 994 921 aliquantulum
1021 840 1193 922 inquietus,
1223 840 1278 905 sed

128 946 297 1010 accedente
321 948 424 1009 aetate
446 980 492 991 -
514 964 585 1009 nam
611 945 789 1028 uigensimo
814 950 846 1009 et
870 944 1008 1009 secundo
1038 965 1118 1011 anno
1142 946 1281 1011 soluitur

94 1075 171 1113 ⁵-
204 1054 251 1117 ita
282 1072 354 1117 eum
387 1052 529 1137 grauitas
565 1072 690 1117 morum
724 1057 756 1117 et
789 1056 898 1118 eustos
930 1052 1012 1118 bona
1045 1054 1113 1118 uita
1145 1054 1280 1131 ornauit,

129 1166 165 1223 ut
188 1159 266 1225 satis
289 1160 427 1224 delectet
454 1161 523 1223 eius
551 1159 665 1223 babere
689 1160 884 1225 memoriam.
909 1164 976 1224 erat
999 1164 1105 1224 autem
1130 1164 1279 1225 strenuus

126 1272 158 1331 in
191 1267 276 1331 uotis
299 1272 332 1331 et
357 1268 390 1330 in
421 1266 586 1331 scribendo
619 1266 698 1330 bene
729 1266 920 1344 laboriosus,
954 1267 1119 1332 studiosus
1153 1285 1280 1350 quoque

125 1393 199 1438 esse
239 1381 384 1456 coeperat
423 1373 581 1450 lectionis,
628 1378 666 1437 ut
705 1374 774 1454 ipse
816 1392 918 1437 meam
959 1374 1141 1438 tarditatem
1183 1393 1282 1438 causa

125 1479 252 1564 legendi
280 1480 443 1543 nocturnis
472 1479 557 1544 boris
587 1478 816 1553 exhortaretur:
846 1499 917 1543 nam
947 1480 1108 1561 aliquanto
1138 1484 1280 1563 tempore

79 1613 105 1649 ιο
124 1592 218 1652 nocte
246 1586 325 1651 mibi
353 1588 421 1668 ipse
449 1586 588 1669 legebat,
618 1606 691 1650 cum
721 1586 831 1651 omnia.
854 1586 1031 1665 siluissent,
1065 1606 1122 1651 nec
1150 1588 1282 1652 uolebat

125 1695 295 1777 praeterire
332 1694 512 1771 lectionem,
549 1694 612 1758 nisi
648 1694 870 1771 intellexisset,
909 1699 940 1758 et
972 1694 1066 1757 tertio
1102 1696 1134 1758 et
1166 1698 1279 1777 quarto

124 1802 290 1884 repetebat
314 1804 346 1865 et
368 1820 425 1865 nec
450 1801 642 1876 dimittebat,
671 1800 732 1865 nisi
756 1800 818 1864 sibi
842 1801 1053 1884 apparuisset,
1078 1801 1162 1883 quod
1186 1821 1279 1884 quae-

124 1908 225 1972 rebat.
255 1926 418 1991 coeperam
447 1928 521 1972 eum
549 1927 611 1972 non
640 1908 730 1989 quasi
759 1926 892 1990 puerum
921 1912 953 1972 et
980 1908 1137 1972 notarium
1165 1908 1281 1972 habere

126 2015 184 2080 sed
202 2016 340 2079 amioum
360 2013 515 2097 quendam
536 2014 614 2079 satis
635 2014 847 2079 necessarium
869 2018 900 2078 et
919 2034 1061 2080 soauem.
1082 2014 1283 2079 delectabant

80 2147 106 2185 rs
124 2140 178 2186 me
203 2122 285 2185 enim
311 2128 343 2186 et
365 2123 491 2187 fabulae
514 2121 628 2203 ipsius

55 2233 75 2293 2
172 2226 312 2311 Optabat
335 2248 472 2310 quoque,
499 2228 582 2310 quod
602 2229 631 2292 ei
650 2230 839 2311 praestitum
864 2232 923 2303 est,
949 2228 1114 2293 dissolui
1139 2232 1175 2291 et
1195 2248 1279 2292 esse

126 2355 208 2399 cum
234 2334 394 2399 Christo.
423 2354 494 2398 nam
522 2334 701 2417 aegrotabit
724 2335 864 2399 sedecim
889 2335 1000 2399 diebus
1026 2334 1110 2416 apud
1133 2338 1278 2417 parentes

125 2461 203 2505 suos
241 2443 274 2504 et
308 2458 431 2504 memor
467 2440 518 2504 sui
557 2440 595 2504 de
633 2440 798 2523 scripturis
840 2460 938 2522 paene
977 2444 1045 2504 tota
1083 2440 1279 2523 aegritudine

123 2547 326 2629 loquebatur.
364 2546 420 2611 sed
455 2551 493 2611 ut
529 2547 567 2610 ad
600 2546 694 2610 finem
731 2547 818 2611 uitae
855 2547 1016 2629 proximus
1054 2566 1126 2611 esse
1163 2546 1278 2627 coepit,

74 2684 104 2722 ao
123 2653 285 2736 psallebat
325 2652 528 2717 audientibus
571 2654 731 2717 omuibus:
780 2652 980 2718 Desiderat
1022 2657 1058 2717 et
1098 2658 1281 2736 properat

125 2761 250 2824 anima
285 2780 365 2824 mea
397 2760 440 2823 ad
473 2760 569 2825 atria
602 2760 661 2824 dei
695 2763 727 2824 et
757 2764 833 2843 post
865 2760 924 2825 hoc
957 2761 1073 2825 iterum
1107 2760 1278 2842 psallebat:

123 2868 371 2951 inpinguasti
402 2867 439 2931 in
473 2869 555 2933 oleo
589 2871 702 2949 caput
739 2887 859 2931 meum
892 2873 929 2931 et
960 2867 1139 2949 poculum
1173 2868 1277 2929 tuum

124 2973 319 3038 inebrians
347 2993 454 3056 qnam
484 2974 718 3056 praeclarum
748 2977 819 3039 est!
848 2974 893 3037 ibi
921 2974 985 3037 fuit
1009 2974 1195 3054 occupatus,
1220 2971 1279 3035 beo

124 3100 160 3145 se
181 3080 360 3145 oblectabat
379 3080 605 3145 consolatione.
631 3080 743 3145 deinde
763 3099 835 3143 cum
856 3080 940 3143 solui
960 3079 1130 3161 coepisset,
1155 3077 1279 3161 signare

91 3207 160 3255 sse
186 3187 344 3270 coepitio
368 3186 481 3263 fronte,
503 3188 550 3251 ita
573 3191 610 3250 ut
633 3188 679 3251 sic
702 3187 907 3250 descenderet
931 3206 1042 3249 manus
1063 3186 1102 3249 ad
1122 3205 1168 3259 os,
1194 3184 1278 3266 quod

125 3294 189 3357 sibi
226 3295 375 3375 cupiebat
411 3295 546 3376 signare,
585 3314 657 3357 cum
694 3296 758 3357 iam
796 3293 956 3358 interior
993 3294 1099 3358 homo
1134 3296 1166 3355 et
1201 3291 1278 3354 bene

124 3406 299 3465 renouatus
327 3401 369 3465 de
399 3400 456 3464 die
485 3402 520 3463 in
551 3400 648 3465 diem
677 3401 808 3466 domum
836 3402 957 3465 luteam
986 3400 1171 3464 dimisisset.
1200 3397 1278 3462 milri

218 3610 250 3663 16
269 3610 341 3662 Phil.
363 3612 386 3672 l,
406 3612 440 3664 23
496 3611 693 3672 abrasae
758 3608 956 3669 lapsana
1017 3609 1050 3661 26
1070 3606 1098 3659 ΙΙ
1118 3606 1177 3661 Cor.
1197 3610 1223 3668 4,
1246 3608 1278 3659 16

124 3701 160 3752 27
182 3699 275 3762 lobs,
296 3701 330 3753 19

163 3806 175 3856 l
198 3808 225 3858 in
245 3824 296 3859 ona
315 3805 369 3859 Vl]
387 3806 447 3859 edat.
503 3822 531 3858 se
551 3815 718 3875 mergentem
738 3806 812 3869 edd.;
832 3808 867 3873 es.
886 3804 1072 3872 multiplicans
1089 3820 1117 3871 p.
1135 3806 1202 3865 437,
1223 3805 1280 3866 22;

123 3914 165 3964 ep.
176 3896 287 3948 XCIII
289 3913 320 3963 p.
333 3898 429 3961 redo
474 3895 636 3949 scholastico
647 3896 822 3964 proconsules
838 3893 892 3945 Vll
900 3900 924 3946 et
930 3892 1091 3960 praeponite
1103 3892 1232 3945 nster-iaco
1246 3892 1255 3943 l
1267 3910 1283 3944 r

123 3984 305 4038 scholasticos
324 3984 498 4053 proconsules
516 4000 530 4037 e
585 3984 601 4034 2
621 4000 746 4053 permen
765 3982 864 4035 meruit
883 3982 909 4033 P
927 3997 974 4050 per
993 3996 1080 4033 meam
1100 3980 1198 4032 meruit
1224 3978 1280 4032 VU

125 4076 187 4127 lar
241 4074 336 4141 3sed]
358 4078 386 4126 et
409 4073 465 4126 VU
483 4074 543 4129 edd.
599 4078 727 4127 bonetus
747 4073 774 4124 P
827 4070 1016 4125 betrenusP
1065 4070 1153 4122 doris
1174 4072 1278 4122 exorte-

124 4163 246 4217 returP
284 4162 316 4216 10
336 4164 425 4216 noctis
450 4162 504 4217 VU
521 4164 582 4215 edd.
638 4164 690 4231 ipsi
709 4163 775 4215 mibi
800 4161 826 4214 U
867 4163 899 4214 14
919 4158 1120 4213 delectabatP
1156 4160 1188 4211 15
1209 4159 1278 4210 enim

123 4268 214 4305 mem
288 4256 385 4303 stom.
411 4250 541 4304 Vero.
600 4250 794 4303 lenteamine
814 4250 840 4301 ui
862 4249 939 4301 dem
1004 4248 1035 4301 21
1057 4246 1123 4299 haec
1147 4245 1277 4299 VUedd.

123 4340 160 4394 26
181 4356 241 4393 curu
261 4355 311 4392 om.
331 4340 359 4392 P
413 4340 446 4392 Ξῖ
467 4339 599 4402 diruisset,
621 4356 653 4391 nr.
673 4344 688 4391 1
707 4355 775 4391 corr.
797 4338 945 4390 dimisisset
964 4336 991 4388 P
