3092 4959
221 497 261 558 10
572 497 599 550 S.
627 496 765 551 Aureli
793 498 1013 567 Augustini

218 688 317 753 luisse
349 688 566 767 metuendum,
599 690 683 773 apud
716 710 766 756 me
798 690 917 756 tacitus
953 692 1050 756 habui
1083 696 1125 771 et,
1158 692 1232 774 quia
1268 692 1366 757 simul

217 794 361 877 petierat,
386 796 423 859 ut
446 796 485 859 ad
509 814 582 860 eum
610 796 760 873 uenirem,
786 816 846 861 non
876 797 997 863 distuli.
1027 818 1100 864 cum
1126 798 1206 863 mihi
1233 799 1366 864 dixisset

217 900 276 965 hoc
303 900 420 985 ipsum,
449 903 596 967 continuo
626 904 659 967 et
685 904 764 968 illud
794 904 936 970 adiunxit
963 905 1063 969 eidem
1092 904 1252 984 iurationi,
1281 904 1365 988 quod

217 1006 305 1085 mihi,
330 1008 405 1072 dum
429 1008 467 1072 ad
491 1028 564 1072 eum
587 1028 694 1094 pergo,
718 1030 776 1093 per
797 1011 895 1075 alium
919 1012 970 1076 dei
993 1031 1122 1077 seruum
1150 1013 1365 1089 mandauerat,

218 1116 256 1179 de
283 1116 462 1197 praeseutia
484 1116 613 1181 scilicet
641 1136 708 1195 sua,
739 1118 766 1183 si
795 1118 824 1183 ei
857 1118 1025 1183 clericatus
1058 1119 1214 1184 sarcinam
1245 1118 1365 1184 nolenti
1396 1142 1411 1182 s

219 1222 325 1287 nullus
344 1222 518 1305 inponeret.
538 1224 589 1287 hic
610 1242 668 1308 ego
688 1225 719 1288 in
735 1225 834 1289 tantis
854 1225 1011 1309 angustiis
1027 1226 1115 1307 quasi
1132 1246 1209 1290 aura
1227 1226 1366 1309 spirante

217 1333 376 1394 recreatus
409 1329 488 1393 nihil
519 1330 548 1395 ei
580 1331 738 1414 respondi,
767 1331 823 1397 sed
856 1332 894 1395 ad
927 1332 1054 1396 fratrem
1082 1333 1235 1416 Alypium
1267 1330 1366 1416 gradu

219 1434 422 1501 concitatiore
440 1438 560 1521 perrexi
580 1438 682 1520 eique,
698 1438 775 1521 quid
794 1438 915 1516 dixerit,
930 1437 1003 1502 dixi.
1023 1441 1057 1503 at
1073 1438 1139 1516 ille,
1153 1443 1191 1504 ut
1209 1438 1365 1513 existimo,

218 1542 373 1622 deuitans,
398 1563 436 1607 ne
460 1544 536 1626 quid
560 1564 594 1609 se
617 1548 746 1610 auctore
769 1544 868 1621 fieret,
892 1546 975 1609 unde
998 1566 1057 1610 uos
1076 1545 1210 1627 putabat
1233 1544 1365 1610 offendi:

217 1648 308 1713 ‘Hinc
332 1650 404 1729 me',
427 1650 541 1732 inquit,
570 1652 671 1715 ‘nemo
705 1652 871 1715 consulat'.
904 1670 965 1733 quo
999 1651 1107 1716 audito
1140 1651 1179 1715 ad
1210 1651 1364 1735 populum
1384 1675 1411 1714 ιο

216 1759 463 1823 tumultuantem
487 1758 606 1840 perrexi
629 1757 776 1839 factoque
800 1758 936 1836 silentio,
957 1759 1033 1841 quid
1056 1758 1249 1841 promissum
1269 1760 1364 1833 osset,

218 1884 287 1930 cum
313 1864 521 1947 promissione
545 1864 640 1929 etiam
668 1864 835 1930 iurationis
859 1866 976 1947 aperui.
1000 1866 1049 1930 illi
1072 1885 1158 1943 uero,
1183 1866 1237 1947 qui
1261 1865 1364 1929 solum

218 1973 286 2037 eius
318 1972 550 2056 presbyterium
584 1971 769 2055 cogitabant
802 1976 897 2054 atque
935 1972 1114 2055 cupiebant,
1147 1991 1207 2036 non
1241 1972 1295 2047 ita,
1327 1973 1366 2035 ut

217 2079 378 2162 putabam,
394 2078 478 2161 quod
498 2078 641 2143 oblatum
659 2078 773 2154 fuerat,
789 2083 985 2161 acceperunt,
1002 2078 1059 2143 sed
1077 2078 1160 2143 inter
1173 2097 1207 2143 se
1226 2078 1365 2159 aliquan-

217 2188 322 2251 tulum
345 2186 553 2251 mussitantes
576 2186 768 2267 petiuerunt,
788 2188 825 2250 ut
849 2184 1017 2250 adderetur
1036 2185 1138 2250 eidem
1161 2182 1365 2267 promissioni
1384 2210 1411 2250 ss

218 2296 313 2375 atque
337 2292 495 2368 iurationi,
520 2295 566 2367 ut,
588 2291 614 2355 si
639 2292 763 2374 quando
782 2291 832 2356 illi
855 2292 895 2355 ad
919 2291 1155 2373 suscipiendum
1180 2291 1365 2356 clericatum

218 2399 394 2464 consentire
427 2398 610 2481 placuisset,
641 2418 701 2463 non
734 2399 797 2462 nisi
829 2399 860 2462 in
892 2400 963 2479 ipsa
988 2398 1199 2481 Hipponiensi
1231 2395 1366 2461 ecclesia

218 2504 418 2570 consentiret.
447 2506 557 2569 rettuli
585 2504 624 2568 ad
652 2524 739 2581 eum;
775 2505 843 2570 siue
871 2504 1068 2570 dubitatione
1100 2505 1219 2571 adnuit.
1254 2522 1365 2567 renun-

216 2612 296 2676 tiaui
307 2610 388 2686 illis;
407 2611 517 2676 laetati
533 2615 608 2676 suut
622 2616 655 2676 et
668 2630 740 2675 mor
754 2612 943 2677 iurationem
955 2611 1130 2695 pollicitam
1140 2612 1363 2693 poposcerunt.

170 2720 191 2782 4
259 2718 389 2782 Reuerti
413 2716 452 2781 ad
476 2718 576 2782 filium
602 2722 745 2783 nostrum
770 2738 906 2800 eumque
929 2718 1037 2782 inueni
1060 2718 1277 2793 fluctuantem,
1296 2715 1359 2797 qui·
1382 2740 1410 2781 ao

214 2824 349 2889 busnam
372 2824 480 2889 uerbis
505 2824 727 2908 comprehendi
751 2829 861 2908 posset
878 2824 935 2889 illa
958 2844 1030 2889 cum
1053 2824 1210 2888 iuratione
1231 2822 1364 2905 promis-

215 2929 262 2994 sio
293 2932 421 3013 propter
449 2930 657 2995 necessitates
680 2930 852 3009 inruentes,
878 2948 958 3012 quae
981 2933 1114 3013 possent
1133 2949 1217 3007 eum,
1238 2932 1275 2993 ut
1292 2928 1364 2993 abs-

215 3035 349 3112 cederet,
379 3055 501 3121 cogere.
530 3038 627 3101 simul
656 3038 763 3115 etiam,
787 3036 864 3119 quid
893 3038 1030 3115 timeret,
1056 3036 1204 3115 ostendit,
1228 3055 1267 3101 ns
1291 3036 1362 3119 quis

214 3141 366 3207 inmiscet
401 3144 529 3208 hostilis
564 3144 723 3219 incursus,
757 3144 812 3225 qui
849 3148 934 3208 esset
971 3144 1164 3208 discessione
1201 3143 1363 3208 uitandus.

215 3248 345 3313 uolebat
368 3248 440 3313 addi
464 3254 572 3314 sancta
591 3250 728 3314 Melania
752 3254 786 3314 et
808 3250 888 3314 aeris
907 3250 1043 3314 morbidi
1063 3250 1288 3324 causationem,
1308 3248 1364 3313 sed
1382 3272 1411 3312 ss

215 3354 303 3419 illius
326 3356 530 3438 responsione
553 3356 744 3438 reprehensa
772 3361 831 3421 est.
861 3375 919 3440 ego
949 3360 1056 3421 autem
1080 3356 1142 3420 dixi
1171 3376 1299 3441 greum
1324 3356 1363 3420 ab

214 3462 270 3526 illc
295 3465 326 3526 et
348 3481 408 3526 non
433 3462 690 3527 contemnendam
715 3482 842 3527 causam
867 3463 1069 3527 necessitatis
1094 3462 1261 3546 ingestam,
1283 3481 1363 3544 quae

216 3568 302 3632 ciues
330 3568 426 3632 etiam
454 3568 607 3653 emigrare
636 3570 854 3652 compellerem
889 3569 944 3634 sed
973 3570 1001 3633 si
1029 3570 1107 3635 haec
1134 3570 1252 3653 populo
1281 3570 1364 3635 dice-

215 3678 332 3753 rentur,
360 3676 536 3741 timendum
570 3696 649 3757 esse,
678 3696 715 3740 ne
748 3678 829 3741 male
861 3696 919 3741 nos
953 3676 1085 3740 ominari
1117 3677 1307 3756 uidemmm,
1336 3678 1363 3741 si

216 3784 321 3845 autem
338 3782 396 3846 sub
412 3782 550 3865 generali
568 3782 770 3846 necessitatis
790 3783 915 3847 nomine
934 3782 1024 3847 fieret
1039 3782 1210 3860 excusatio,
1225 3782 1363 3847 nonnisi
1382 3810 1412 3849 so

253 4042 265 4094 1
286 4039 460 4095 metuendum
479 4044 579 4110 (poetr.
599 4042 616 4096 t.
637 4043 667 4096 in
684 4060 740 4097 ras.
760 4061 794 4096 m.
814 4042 1110 4111 1;suionendu?)1t
1199 4044 1288 4097 Siste
1311 4042 1367 4096 VU

217 4130 300 4183 9nos
320 4129 411 4183 HVU
473 4131 506 4184 13
525 4130 716 4202 presbiterium
736 4131 793 4185 eius
816 4132 871 4186 VU
934 4133 966 4185 17
985 4132 1129 4202 ipponensi
1152 4132 1364 4203 UHippouenai

217 4218 276 4272 edd.
349 4220 384 4273 23
403 4236 437 4273 ne
457 4220 516 4289 quis
535 4226 566 4273 nt
584 4220 708 4275 irruisset
730 4220 756 4276 U
822 4222 857 4275 26
875 4223 1061 4291 responsione]
1082 4222 1288 4292 reprehensione
1311 4220 1367 4275 VU

252 4324 363 4376 grauem
384 4325 434 4362 oni.
452 4308 478 4361 Τ
526 4309 560 4363 29
581 4312 654 4363 esset
673 4308 750 4363 codd.
771 4326 829 4363 esse
848 4308 909 4364 edd.
981 4326 1032 4363 nos
1049 4309 1120 4362 male
1143 4308 1200 4362 VU
1266 4310 1364 4362 minari

220 4396 336 4452 THRU
386 4398 420 4451 30
440 4398 605 4463 necessitati,
625 4414 659 4452 m.
679 4402 693 4451 1
712 4415 782 4454 corr.
801 4398 975 4452 necessitatis
992 4398 1021 4453 R
