<?xml version="1.0" encoding="UTF-8"?>
<!DOCTYPE html PUBLIC "-//W3C//DTD XHTML 1.0 Transitional//EN"
    "http://www.w3.org/TR/xhtml1/DTD/xhtml1-transitional.dtd">
<html xmlns="http://www.w3.org/1999/xhtml" xml:lang="en" lang="en">
 <head>
  <title>
</title>
<meta http-equiv="Content-Type" content="text/html;charset=utf-8" />
  <meta name='ocr-system' content='tesseract 3.04.00' />
  <meta name='ocr-capabilities' content='ocr_page ocr_carea ocr_par ocr_line ocrx_word'/>
</head>
<body>
  <div class='ocr_page' id='page_1' title='image "./corpusscriptoru05wissgoog_0173.png"; bbox 0 0 3092 4959; ppageno 0'>
   <div class='ocr_carea' id='block_1_1' title="bbox 498 367 1304 440">
    <p class='ocr_par' dir='ltr' id='par_1_1' title="bbox 498 367 1304 440">
     <span class='ocr_line' id='line_1_1' title="bbox 498 367 1304 440; baseline 0.015 -21"><span class='ocrx_word' id='word_1_1' title='bbox 498 367 765 436; x_wconf 73' lang='lat' dir='ltr'><strong>epistularum</strong></span> <span class='ocrx_word' id='word_1_2' title='bbox 795 367 966 426; x_wconf 83' lang='lat' dir='ltr'>CXXXVIII.</span> <span class='ocrx_word' id='word_1_3' title='bbox 1243 378 1304 440; x_wconf 82' lang='grc'><strong>141</strong></span> 
     </span>
    </p>
   </div>
   <div class='ocr_carea' id='block_1_2' title="bbox 49 561 1307 2887">
    <p class='ocr_par' dir='ltr' id='par_1_2' title="bbox 49 561 1307 2887">
     <span class='ocr_line' id='line_1_2' title="bbox 158 561 1306 650; baseline 0.009 -26"><span class='ocrx_word' id='word_1_4' title='bbox 158 561 218 626; x_wconf 92' lang='lat' dir='ltr'>hoc</span> <span class='ocrx_word' id='word_1_5' title='bbox 242 563 362 625; x_wconf 85' lang='lat' dir='ltr'>malurn</span> <span class='ocrx_word' id='word_1_6' title='bbox 385 561 549 643; x_wconf 89' lang='lat' dir='ltr'>publicum</span> <span class='ocrx_word' id='word_1_7' title='bbox 574 563 700 640; x_wconf 80' lang='lat' dir='ltr'>clamet,</span> <span class='ocrx_word' id='word_1_8' title='bbox 720 564 759 628; x_wconf 82' lang='lat' dir='ltr'>ab</span> <span class='ocrx_word' id='word_1_9' title='bbox 783 565 892 646; x_wconf 84' lang='lat' dir='ltr'>impiis</span> <span class='ocrx_word' id='word_1_10' title='bbox 916 567 1042 650; x_wconf 86' lang='lat' dir='ltr'>populis</span> <span class='ocrx_word' id='word_1_11' title='bbox 1066 568 1306 650; x_wconf 84' lang='lat' dir='ltr'>blasphemetur</span> 
     </span>
     <span class='ocr_line' id='line_1_3' title="bbox 158 668 1307 758; baseline 0.008 -26"><span class='ocrx_word' id='word_1_12' title='bbox 158 671 190 733; x_wconf 92' lang='lat' dir='ltr'>et</span> <span class='ocrx_word' id='word_1_13' title='bbox 213 668 255 732; x_wconf 84' lang='lat' dir='ltr'>dit</span> <span class='ocrx_word' id='word_1_14' title='bbox 281 668 362 733; x_wconf 84' lang='lat' dir='ltr'>tales</span> <span class='ocrx_word' id='word_1_15' title='bbox 380 669 594 750; x_wconf 90' lang='lat' dir='ltr'>requiruntur,</span> <span class='ocrx_word' id='word_1_16' title='bbox 613 671 646 734; x_wconf 92' lang='lat' dir='ltr'>in</span> <span class='ocrx_word' id='word_1_17' title='bbox 666 690 801 752; x_wconf 88' lang='lat' dir='ltr'>quorum</span> <span class='ocrx_word' id='word_1_18' title='bbox 819 672 969 737; x_wconf 84' lang='lat' dir='ltr'>honorem</span> <span class='ocrx_word' id='word_1_19' title='bbox 989 674 1046 738; x_wconf 86' lang='lat' dir='ltr'>ills</span> <span class='ocrx_word' id='word_1_20' title='bbox 1063 674 1133 758; x_wconf 85' lang='lat' dir='ltr'>ipsa</span> <span class='ocrx_word' id='word_1_21' title='bbox 1151 677 1307 742; x_wconf 82' lang='lat' dir='ltr'>theatrice</span> 
     </span>
     <span class='ocr_line' id='line_1_4' title="bbox 157 775 1303 862; baseline 0.006 -23"><span class='ocrx_word' id='word_1_22' title='bbox 157 794 323 858; x_wconf 90' lang='lat' dir='ltr'>corporum</span> <span class='ocrx_word' id='word_1_23' title='bbox 339 780 372 838; x_wconf 93' lang='lat' dir='ltr'>et</span> <span class='ocrx_word' id='word_1_24' title='bbox 386 776 561 839; x_wconf 85' lang='lat' dir='ltr'>animorum</span> <span class='ocrx_word' id='word_1_25' title='bbox 577 775 731 841; x_wconf 81' lang='lat' dir='ltr'>dedecoro</span> <span class='ocrx_word' id='word_1_26' title='bbox 744 777 949 842; x_wconf 79' lang='lat' dir='ltr'><strong>celebrentur.</strong></span> <span class='ocrx_word' id='word_1_27' title='bbox 965 779 1041 844; x_wconf 84' lang='lat' dir='ltr'>haec</span> <span class='ocrx_word' id='word_1_28' title='bbox 1052 779 1080 844; x_wconf 91' lang='lat' dir='ltr'>si</span> <span class='ocrx_word' id='word_1_29' title='bbox 1096 779 1172 845; x_wconf 89' lang='lat' dir='ltr'>deus</span> <span class='ocrx_word' id='word_1_30' title='bbox 1184 783 1303 862; x_wconf 91' lang='lat' dir='ltr'>pollere</span> 
     </span>
     <span class='ocr_line' id='line_1_5' title="bbox 156 881 1305 969; baseline 0.006 -23"><span class='ocrx_word' id='word_1_31' title='bbox 156 882 330 965; x_wconf 80' lang='lat' dir='ltr'>permittet,</span> <span class='ocrx_word' id='word_1_32' title='bbox 353 885 430 946; x_wconf 93' lang='lat' dir='ltr'>tunc</span> <span class='ocrx_word' id='word_1_33' title='bbox 450 881 634 965; x_wconf 80' lang='lat' dir='ltr'>indignatur</span> <span class='ocrx_word' id='word_1_34' title='bbox 656 884 802 967; x_wconf 71' lang='lat' dir='ltr'>grauium</span> <span class='ocrx_word' id='word_1_35' title='bbox 828 885 904 949; x_wconf 82' lang='lat' dir='ltr'>haee</span> <span class='ocrx_word' id='word_1_36' title='bbox 929 885 957 949; x_wconf 87' lang='lat' dir='ltr'>ei</span> <span class='ocrx_word' id='word_1_37' title='bbox 985 886 1131 969; x_wconf 85' lang='lat' dir='ltr'>inpunita</span> <span class='ocrx_word' id='word_1_38' title='bbox 1154 888 1305 967; x_wconf 87' lang='lat' dir='ltr'>dimittet,</span> 
     </span>
     <span class='ocr_line' id='line_1_6' title="bbox 124 989 1307 1072; baseline 0.006 -19"><span class='ocrx_word' id='word_1_39' title='bbox 124 993 233 1054; x_wconf 73' lang='lat' dir='ltr'>stunc</span> <span class='ocrx_word' id='word_1_40' title='bbox 256 989 349 1072; x_wconf 90' lang='lat' dir='ltr'>punit</span> <span class='ocrx_word' id='word_1_41' title='bbox 369 989 529 1054; x_wconf 81' lang='lat' dir='ltr'>infestius.</span> <span class='ocrx_word' id='word_1_42' title='bbox 555 1007 627 1053; x_wconf 92' lang='lat' dir='ltr'>cum</span> <span class='ocrx_word' id='word_1_43' title='bbox 651 1008 726 1054; x_wconf 89' lang='lat' dir='ltr'>uero</span> <span class='ocrx_word' id='word_1_44' title='bbox 752 991 868 1054; x_wconf 91' lang='lat' dir='ltr'>euertit</span> <span class='ocrx_word' id='word_1_45' title='bbox 895 991 1075 1056; x_wconf 80' lang='lat' dir='ltr'>subsidium</span> <span class='ocrx_word' id='word_1_46' title='bbox 1098 993 1250 1058; x_wconf 92' lang='lat' dir='ltr'>uitiorum</span> <span class='ocrx_word' id='word_1_47' title='bbox 1274 998 1307 1060; x_wconf 91' lang='lat' dir='ltr'>et</span> 
     </span>
     <span class='ocr_line' id='line_1_7' title="bbox 155 1096 1303 1180; baseline 0.003 -18"><span class='ocrx_word' id='word_1_48' title='bbox 155 1098 302 1180; x_wconf 85' lang='lat' dir='ltr'>copiosas</span> <span class='ocrx_word' id='word_1_49' title='bbox 338 1096 486 1162; x_wconf 76' lang='lat' dir='ltr'>libidines</span> <span class='ocrx_word' id='word_1_50' title='bbox 518 1096 629 1179; x_wconf 83' lang='lat' dir='ltr'>inopes</span> <span class='ocrx_word' id='word_1_51' title='bbox 666 1097 781 1174; x_wconf 79' lang='lat' dir='ltr'>reddit,</span> <span class='ocrx_word' id='word_1_52' title='bbox 820 1099 1067 1164; x_wconf 78' lang='lat' dir='ltr'>misericorditer</span> <span class='ocrx_word' id='word_1_53' title='bbox 1103 1100 1303 1178; x_wconf 81' lang='lat' dir='ltr'>aduersatur3</span> 
     </span>
     <span class='ocr_line' id='line_1_8' title="bbox 154 1201 1305 1288; baseline 0.006 -23"><span class='ocrx_word' id='word_1_54' title='bbox 154 1201 404 1266; x_wconf 80' lang='lat' dir='ltr'>misericorditer</span> <span class='ocrx_word' id='word_1_55' title='bbox 426 1201 519 1277; x_wconf 92' lang='lat' dir='ltr'>enim,</span> <span class='ocrx_word' id='word_1_56' title='bbox 544 1201 572 1265; x_wconf 91' lang='lat' dir='ltr'>si</span> <span class='ocrx_word' id='word_1_57' title='bbox 595 1201 662 1265; x_wconf 89' lang='lat' dir='ltr'>fieri</span> <span class='ocrx_word' id='word_1_58' title='bbox 693 1205 814 1283; x_wconf 88' lang='lat' dir='ltr'>posset,</span> <span class='ocrx_word' id='word_1_59' title='bbox 845 1203 942 1268; x_wconf 87' lang='lat' dir='ltr'>etiem</span> <span class='ocrx_word' id='word_1_60' title='bbox 966 1202 1050 1267; x_wconf 83' lang='lat' dir='ltr'>belle</span> <span class='ocrx_word' id='word_1_61' title='bbox 1078 1209 1261 1288; x_wconf 85' lang='lat' dir='ltr'>gererentur</span> <span class='ocrx_word' id='word_1_62' title='bbox 1287 1226 1305 1272; x_wconf 80' lang='lat' dir='ltr'>a</span> 
     </span>
     <span class='ocr_line' id='line_1_9' title="bbox 154 1308 1305 1396; baseline 0.003 -22"><span class='ocrx_word' id='word_1_63' title='bbox 154 1309 258 1389; x_wconf 87' lang='lat' dir='ltr'>honis,</span> <span class='ocrx_word' id='word_1_64' title='bbox 282 1313 320 1372; x_wconf 90' lang='lat' dir='ltr'>ut</span> <span class='ocrx_word' id='word_1_65' title='bbox 341 1308 517 1373; x_wconf 84' lang='lat' dir='ltr'>licentiosis</span> <span class='ocrx_word' id='word_1_66' title='bbox 542 1309 773 1393; x_wconf 80' lang='lat' dir='ltr'>cupiditatibus</span> <span class='ocrx_word' id='word_1_67' title='bbox 799 1309 928 1375; x_wconf 91' lang='lat' dir='ltr'>domitis</span> <span class='ocrx_word' id='word_1_68' title='bbox 948 1311 1026 1376; x_wconf 80' lang='lat' dir='ltr'>haec</span> <span class='ocrx_word' id='word_1_69' title='bbox 1045 1313 1125 1376; x_wconf 83' lang='lat' dir='ltr'>uitia</span> <span class='ocrx_word' id='word_1_70' title='bbox 1143 1313 1305 1396; x_wconf 89' lang='lat' dir='ltr'>perderen-</span> 
     </span>
     <span class='ocr_line' id='line_1_10' title="bbox 153 1416 1250 1500; baseline 0.003 -21"><span class='ocrx_word' id='word_1_71' title='bbox 153 1418 217 1493; x_wconf 87' lang='lat' dir='ltr'>tur,</span> <span class='ocrx_word' id='word_1_72' title='bbox 243 1435 325 1498; x_wconf 85' lang='lat' dir='ltr'>quae</span> <span class='ocrx_word' id='word_1_73' title='bbox 347 1416 434 1480; x_wconf 91' lang='lat' dir='ltr'>iusto</span> <span class='ocrx_word' id='word_1_74' title='bbox 457 1416 590 1498; x_wconf 91' lang='lat' dir='ltr'>imperio</span> <span class='ocrx_word' id='word_1_75' title='bbox 615 1416 668 1480; x_wconf 90' lang='lat' dir='ltr'>uel</span> <span class='ocrx_word' id='word_1_76' title='bbox 692 1417 839 1500; x_wconf 82' lang='lat' dir='ltr'>extirpari</span> <span class='ocrx_word' id='word_1_77' title='bbox 863 1417 917 1481; x_wconf 92' lang='lat' dir='ltr'>uel</span> <span class='ocrx_word' id='word_1_78' title='bbox 939 1419 1040 1500; x_wconf 90' lang='lat' dir='ltr'>premi</span> <span class='ocrx_word' id='word_1_79' title='bbox 1064 1418 1250 1484; x_wconf 88' lang='lat' dir='ltr'>debuerunt.</span> 
     </span>
     <span class='ocr_line' id='line_1_11' title="bbox 49 1506 1303 1610; baseline 0.005 -24"><span class='ocrx_word' id='word_1_80' title='bbox 49 1506 86 1569; x_wconf 82' lang='lat'>15</span> <span class='ocrx_word' id='word_1_81' title='bbox 109 1539 134 1579; x_wconf 72' lang='grc' dir='ltr'>ιο</span> <span class='ocrx_word' id='word_1_82' title='bbox 198 1522 282 1587; x_wconf 84' lang='lat' dir='ltr'>Nem</span> <span class='ocrx_word' id='word_1_83' title='bbox 301 1523 329 1587; x_wconf 89' lang='lat' dir='ltr'>si</span> <span class='ocrx_word' id='word_1_84' title='bbox 344 1522 523 1588; x_wconf 81' lang='lat' dir='ltr'>Christiane</span> <span class='ocrx_word' id='word_1_85' title='bbox 542 1524 710 1608; x_wconf 86' lang='lat' dir='ltr'>discipline</span> <span class='ocrx_word' id='word_1_86' title='bbox 728 1525 833 1589; x_wconf 83' lang='lat' dir='ltr'>omnia</span> <span class='ocrx_word' id='word_1_87' title='bbox 851 1524 937 1590; x_wconf 85' lang='lat' dir='ltr'>bella</span> <span class='ocrx_word' id='word_1_88' title='bbox 956 1526 1107 1609; x_wconf 86' lang='lat' dir='ltr'>culparet,</span> <span class='ocrx_word' id='word_1_89' title='bbox 1123 1527 1183 1592; x_wconf 92' lang='lat' dir='ltr'>hoc</span> <span class='ocrx_word' id='word_1_90' title='bbox 1197 1527 1303 1610; x_wconf 91' lang='lat' dir='ltr'>potius</span> 
     </span>
     <span class='ocr_line' id='line_1_12' title="bbox 151 1630 1304 1716; baseline 0.003 -23"><span class='ocrx_word' id='word_1_91' title='bbox 151 1630 309 1694; x_wconf 84' lang='lat' dir='ltr'>militibus</span> <span class='ocrx_word' id='word_1_92' title='bbox 335 1631 504 1696; x_wconf 90' lang='lat' dir='ltr'>consilium</span> <span class='ocrx_word' id='word_1_93' title='bbox 532 1630 646 1696; x_wconf 82' lang='lat' dir='ltr'>salutis</span> <span class='ocrx_word' id='word_1_94' title='bbox 674 1631 858 1713; x_wconf 89' lang='lat' dir='ltr'>petentibus</span> <span class='ocrx_word' id='word_1_95' title='bbox 886 1633 918 1697; x_wconf 90' lang='lat' dir='ltr'>in</span> <span class='ocrx_word' id='word_1_96' title='bbox 947 1634 1112 1716; x_wconf 82' lang='lat' dir='ltr'>euangelio</span> <span class='ocrx_word' id='word_1_97' title='bbox 1137 1634 1304 1712; x_wconf 86' lang='lat' dir='ltr'>diceretur,</span> 
     </span>
     <span class='ocr_line' id='line_1_13' title="bbox 151 1738 1303 1819; baseline 0.003 -17"><span class='ocrx_word' id='word_1_98' title='bbox 151 1743 190 1802; x_wconf 90' lang='lat' dir='ltr'>ut</span> <span class='ocrx_word' id='word_1_99' title='bbox 213 1738 374 1803; x_wconf 78' lang='lat' dir='ltr'>abicerent</span> <span class='ocrx_word' id='word_1_100' title='bbox 396 1757 483 1802; x_wconf 86' lang='lat' dir='ltr'>arma</span> <span class='ocrx_word' id='word_1_101' title='bbox 505 1757 602 1819; x_wconf 86' lang='lat' dir='ltr'>seque</span> <span class='ocrx_word' id='word_1_102' title='bbox 623 1739 759 1802; x_wconf 86' lang='lat' dir='ltr'>militine</span> <span class='ocrx_word' id='word_1_103' title='bbox 784 1740 909 1804; x_wconf 89' lang='lat' dir='ltr'>omnino</span> <span class='ocrx_word' id='word_1_104' title='bbox 930 1739 1158 1804; x_wconf 83' lang='lat' dir='ltr'>subtraherent.</span> <span class='ocrx_word' id='word_1_105' title='bbox 1182 1740 1303 1805; x_wconf 88' lang='lat' dir='ltr'>dictum</span> 
     </span>
     <span class='ocr_line' id='line_1_14' title="bbox 150 1844 1304 1924; baseline 0.003 -14"><span class='ocrx_word' id='word_1_106' title='bbox 150 1849 206 1910; x_wconf 89' lang='lat' dir='ltr'>est</span> <span class='ocrx_word' id='word_1_107' title='bbox 223 1845 269 1908; x_wconf 92' lang='lat' dir='ltr'>eis</span> <span class='ocrx_word' id='word_1_108' title='bbox 289 1849 411 1910; x_wconf 84' lang='lat' dir='ltr'>autern:</span> <span class='ocrx_word' id='word_1_109' title='bbox 435 1844 627 1909; x_wconf 88' lang='lat' dir='ltr'>Neminem</span> <span class='ocrx_word' id='word_1_110' title='bbox 652 1847 941 1924; x_wconf 87' lang='lat' dir='ltr'>concusseritis,</span> <span class='ocrx_word' id='word_1_111' title='bbox 961 1846 1059 1911; x_wconf 94' lang='lat' dir='ltr'>nulli</span> <span class='ocrx_word' id='word_1_112' title='bbox 1078 1848 1304 1914; x_wconf 81' lang='lat' dir='ltr'>calumniam</span> 
     </span>
     <span class='ocr_line' id='line_1_15' title="bbox 149 1951 1303 2036; baseline 0.003 -20"><span class='ocrx_word' id='word_1_113' title='bbox 149 1952 338 2029; x_wconf 88' lang='lat' dir='ltr'>feceritis,</span> <span class='ocrx_word' id='word_1_114' title='bbox 367 1951 544 2016; x_wconf 84' lang='lat' dir='ltr'>sufficiet</span> <span class='ocrx_word' id='word_1_115' title='bbox 570 1951 681 2015; x_wconf 90' lang='lat' dir='ltr'>uobis</span> <span class='ocrx_word' id='word_1_116' title='bbox 711 1952 944 2034; x_wconf 87' lang='lat' dir='ltr'>stipendium</span> <span class='ocrx_word' id='word_1_117' title='bbox 978 1957 1153 2018; x_wconf 90' lang='lat' dir='ltr'>uestrum.</span> <span class='ocrx_word' id='word_1_118' title='bbox 1188 1954 1303 2036; x_wconf 88' lang='lat' dir='ltr'>quibus</span> 
     </span>
     <span class='ocr_line' id='line_1_16' title="bbox 105 2055 1303 2142; baseline 0.004 -22"><span class='ocrx_word' id='word_1_119' title='bbox 105 2071 132 2112; x_wconf 79' lang='lat'>1⁶</span> <span class='ocrx_word' id='word_1_120' title='bbox 148 2055 314 2140; x_wconf 91' lang='lat' dir='ltr'>proprium</span> <span class='ocrx_word' id='word_1_121' title='bbox 333 2057 526 2140; x_wconf 89' lang='lat' dir='ltr'>stipendium</span> <span class='ocrx_word' id='word_1_122' title='bbox 545 2056 691 2122; x_wconf 86' lang='lat' dir='ltr'>sufficere</span> <span class='ocrx_word' id='word_1_123' title='bbox 710 2057 823 2123; x_wconf 90' lang='lat' dir='ltr'>debere</span> <span class='ocrx_word' id='word_1_124' title='bbox 842 2060 1012 2141; x_wconf 83' lang='lat' dir='ltr'>proecepit,</span> <span class='ocrx_word' id='word_1_125' title='bbox 1036 2059 1173 2125; x_wconf 86' lang='lat' dir='ltr'>militare</span> <span class='ocrx_word' id='word_1_126' title='bbox 1193 2061 1303 2142; x_wconf 90' lang='lat' dir='ltr'>utique</span> 
     </span>
     <span class='ocr_line' id='line_1_17' title="bbox 149 2163 1304 2248; baseline 0.001 -20"><span class='ocrx_word' id='word_1_127' title='bbox 149 2182 214 2228; x_wconf 93' lang='lat' dir='ltr'>non</span> <span class='ocrx_word' id='word_1_128' title='bbox 237 2163 410 2248; x_wconf 91' lang='lat' dir='ltr'>prohibuit.</span> <span class='ocrx_word' id='word_1_129' title='bbox 434 2163 575 2247; x_wconf 90' lang='lat' dir='ltr'>proinde,</span> <span class='ocrx_word' id='word_1_130' title='bbox 594 2165 648 2247; x_wconf 89' lang='lat' dir='ltr'>qui</span> <span class='ocrx_word' id='word_1_131' title='bbox 672 2164 846 2230; x_wconf 84' lang='lat' dir='ltr'>doctrinam</span> <span class='ocrx_word' id='word_1_132' title='bbox 867 2165 985 2231; x_wconf 81' lang='lat' dir='ltr'>Christi</span> <span class='ocrx_word' id='word_1_133' title='bbox 1009 2165 1175 2230; x_wconf 82' lang='lat' dir='ltr'>aduersam</span> <span class='ocrx_word' id='word_1_134' title='bbox 1195 2167 1304 2232; x_wconf 87' lang='lat' dir='ltr'>dicunt</span> 
     </span>
     <span class='ocr_line' id='line_1_18' title="bbox 149 2271 1304 2355; baseline 0 -19"><span class='ocrx_word' id='word_1_135' title='bbox 149 2291 224 2336; x_wconf 90' lang='lat' dir='ltr'>esse</span> <span class='ocrx_word' id='word_1_136' title='bbox 243 2272 464 2355; x_wconf 86' lang='lat' dir='ltr'>reipublicae,</span> <span class='ocrx_word' id='word_1_137' title='bbox 484 2271 560 2337; x_wconf 92' lang='lat' dir='ltr'>dent</span> <span class='ocrx_word' id='word_1_138' title='bbox 577 2271 749 2337; x_wconf 86' lang='lat' dir='ltr'>exercitum</span> <span class='ocrx_word' id='word_1_139' title='bbox 768 2272 877 2348; x_wconf 85' lang='lat' dir='ltr'>telem,</span> <span class='ocrx_word' id='word_1_140' title='bbox 897 2273 1007 2353; x_wconf 83' lang='lat' dir='ltr'>quales</span> <span class='ocrx_word' id='word_1_141' title='bbox 1027 2272 1170 2338; x_wconf 83' lang='lat' dir='ltr'>doctrina</span> <span class='ocrx_word' id='word_1_142' title='bbox 1185 2272 1304 2339; x_wconf 83' lang='lat' dir='ltr'>Christi</span> 
     </span>
     <span class='ocr_line' id='line_1_19' title="bbox 147 2378 1302 2462; baseline 0.001 -19"><span class='ocrx_word' id='word_1_143' title='bbox 147 2397 223 2444; x_wconf 88' lang='lat' dir='ltr'>esse</span> <span class='ocrx_word' id='word_1_144' title='bbox 246 2378 366 2443; x_wconf 89' lang='lat' dir='ltr'>milites</span> <span class='ocrx_word' id='word_1_145' title='bbox 389 2380 498 2454; x_wconf 89' lang='lat' dir='ltr'>iussit;</span> <span class='ocrx_word' id='word_1_146' title='bbox 524 2379 600 2443; x_wconf 90' lang='lat' dir='ltr'>dent</span> <span class='ocrx_word' id='word_1_147' title='bbox 617 2379 698 2443; x_wconf 81' lang='lat' dir='ltr'>tales</span> <span class='ocrx_word' id='word_1_148' title='bbox 716 2379 939 2462; x_wconf 85' lang='lat' dir='ltr'>prouinciales‚</span> <span class='ocrx_word' id='word_1_149' title='bbox 959 2379 1039 2443; x_wconf 81' lang='lat' dir='ltr'>tales</span> <span class='ocrx_word' id='word_1_150' title='bbox 1059 2380 1202 2458; x_wconf 88' lang='lat' dir='ltr'>maritos,</span> <span class='ocrx_word' id='word_1_151' title='bbox 1221 2381 1302 2445; x_wconf 86' lang='lat' dir='ltr'>tales</span> 
     </span>
     <span class='ocr_line' id='line_1_20' title="bbox 148 2484 1300 2568; baseline 0.002 -19"><span class='ocrx_word' id='word_1_152' title='bbox 148 2485 314 2568; x_wconf 85' lang='lat' dir='ltr'>coniuges,</span> <span class='ocrx_word' id='word_1_153' title='bbox 334 2486 415 2550; x_wconf 79' lang='lat' dir='ltr'>tales</span> <span class='ocrx_word' id='word_1_154' title='bbox 435 2488 592 2568; x_wconf 78' lang='lat' dir='ltr'>parentes,</span> <span class='ocrx_word' id='word_1_155' title='bbox 605 2486 688 2550; x_wconf 81' lang='lat' dir='ltr'>tales</span> <span class='ocrx_word' id='word_1_156' title='bbox 703 2484 798 2561; x_wconf 87' lang='lat' dir='ltr'>tilios,</span> <span class='ocrx_word' id='word_1_157' title='bbox 813 2485 894 2550; x_wconf 87' lang='lat' dir='ltr'>tales</span> <span class='ocrx_word' id='word_1_158' title='bbox 910 2485 1064 2563; x_wconf 90' lang='lat' dir='ltr'>dominos,</span> <span class='ocrx_word' id='word_1_159' title='bbox 1077 2487 1158 2550; x_wconf 85' lang='lat' dir='ltr'>tales</span> <span class='ocrx_word' id='word_1_160' title='bbox 1179 2506 1300 2564; x_wconf 85' lang='lat' dir='ltr'>seruos,</span> 
     </span>
     <span class='ocr_line' id='line_1_21' title="bbox 102 2590 1300 2676; baseline 0.003 -22"><span class='ocrx_word' id='word_1_161' title='bbox 102 2607 129 2647; x_wconf 59' lang='grc' dir='ltr'>το</span> <span class='ocrx_word' id='word_1_162' title='bbox 146 2591 231 2655; x_wconf 82' lang='lat' dir='ltr'>tales</span> <span class='ocrx_word' id='word_1_163' title='bbox 254 2610 355 2676; x_wconf 85' lang='lat' dir='ltr'>reges,</span> <span class='ocrx_word' id='word_1_164' title='bbox 376 2594 459 2656; x_wconf 84' lang='lat' dir='ltr'>tales</span> <span class='ocrx_word' id='word_1_165' title='bbox 481 2591 614 2670; x_wconf 90' lang='lat' dir='ltr'>iudices,</span> <span class='ocrx_word' id='word_1_166' title='bbox 638 2592 720 2656; x_wconf 83' lang='lat' dir='ltr'>tales</span> <span class='ocrx_word' id='word_1_167' title='bbox 744 2592 881 2674; x_wconf 91' lang='lat' dir='ltr'>denique</span> <span class='ocrx_word' id='word_1_168' title='bbox 905 2590 1082 2656; x_wconf 90' lang='lat' dir='ltr'>debitorum</span> <span class='ocrx_word' id='word_1_169' title='bbox 1106 2593 1208 2675; x_wconf 89' lang='lat' dir='ltr'>ipsius</span> <span class='ocrx_word' id='word_1_170' title='bbox 1231 2593 1300 2657; x_wconf 89' lang='lat' dir='ltr'>fisci</span> 
     </span>
     <span class='ocr_line' id='line_1_22' title="bbox 146 2697 1299 2781; baseline 0.003 -21"><span class='ocrx_word' id='word_1_171' title='bbox 146 2697 327 2764; x_wconf 90' lang='lat' dir='ltr'>redditores</span> <span class='ocrx_word' id='word_1_172' title='bbox 342 2702 375 2763; x_wconf 94' lang='lat' dir='ltr'>et</span> <span class='ocrx_word' id='word_1_173' title='bbox 388 2703 559 2778; x_wconf 80' lang='lat' dir='ltr'>erectores,</span> <span class='ocrx_word' id='word_1_174' title='bbox 570 2699 680 2780; x_wconf 82' lang='lat' dir='ltr'>quoles</span> <span class='ocrx_word' id='word_1_175' title='bbox 695 2717 765 2764; x_wconf 89' lang='lat' dir='ltr'>esse</span> <span class='ocrx_word' id='word_1_176' title='bbox 780 2698 941 2781; x_wconf 85' lang='lat' dir='ltr'>praecepit</span> <span class='ocrx_word' id='word_1_177' title='bbox 955 2697 1096 2762; x_wconf 82' lang='lat' dir='ltr'>doctrina</span> <span class='ocrx_word' id='word_1_178' title='bbox 1111 2698 1299 2773; x_wconf 83' lang='lat' dir='ltr'>Christiana,</span> 
     </span>
     <span class='ocr_line' id='line_1_23' title="bbox 147 2804 1299 2887; baseline 0.002 -19"><span class='ocrx_word' id='word_1_179' title='bbox 147 2808 182 2870; x_wconf 88' lang='lat' dir='ltr'>et</span> <span class='ocrx_word' id='word_1_180' title='bbox 205 2804 344 2868; x_wconf 81' lang='lat' dir='ltr'>audeant</span> <span class='ocrx_word' id='word_1_181' title='bbox 366 2825 434 2870; x_wconf 82' lang='lat' dir='ltr'>eam</span> <span class='ocrx_word' id='word_1_182' title='bbox 460 2805 563 2870; x_wconf 89' lang='lat' dir='ltr'>dicere</span> <span class='ocrx_word' id='word_1_183' title='bbox 587 2805 751 2870; x_wconf 84' lang='lat' dir='ltr'>aduersam</span> <span class='ocrx_word' id='word_1_184' title='bbox 777 2824 848 2870; x_wconf 86' lang='lat' dir='ltr'>esse</span> <span class='ocrx_word' id='word_1_185' title='bbox 867 2805 912 2868; x_wconf 92' lang='lat' dir='ltr'>rei</span> <span class='ocrx_word' id='word_1_186' title='bbox 932 2805 1087 2887; x_wconf 85' lang='lat' dir='ltr'>publicae,</span> <span class='ocrx_word' id='word_1_187' title='bbox 1107 2806 1204 2869; x_wconf 90' lang='lat' dir='ltr'>immo</span> <span class='ocrx_word' id='word_1_188' title='bbox 1224 2825 1299 2871; x_wconf 92' lang='lat' dir='ltr'>uero</span> 
     </span>
    </p>
   </div>
   <div class='ocr_carea' id='block_1_3' title="bbox 241 2995 455 3059">
    <p class='ocr_par' dir='ltr' id='par_1_3' title="bbox 241 2995 455 3059">
     <span class='ocr_line' id='line_1_24' title="bbox 241 2995 455 3059; baseline 0.005 -9"><span class='ocrx_word' id='word_1_189' title='bbox 241 2996 273 3050; x_wconf 87' lang='lat'>13</span> <span class='ocrx_word' id='word_1_190' title='bbox 292 2995 355 3049; x_wconf 87' lang='lat' dir='ltr'>Luc.</span> <span class='ocrx_word' id='word_1_191' title='bbox 375 2997 400 3059; x_wconf 84' lang='lat'>3,</span> <span class='ocrx_word' id='word_1_192' title='bbox 422 2998 455 3051; x_wconf 81' lang='lat'>14</span> 
     </span>
    </p>
   </div>
   <div class='ocr_carea' id='block_1_4' title="bbox 140 3120 1299 4254">
    <p class='ocr_par' dir='ltr' id='par_1_4' title="bbox 140 3120 1299 4254">
     <span class='ocr_line' id='line_1_25' title="bbox 182 3120 1298 3191; baseline 0.001 -18"><span class='ocrx_word' id='word_1_193' title='bbox 182 3122 201 3173; x_wconf 84' lang='lat'>2</span> <span class='ocrx_word' id='word_1_194' title='bbox 219 3120 247 3174; x_wconf 93' lang='lat' dir='ltr'>in</span> <span class='ocrx_word' id='word_1_195' title='bbox 266 3136 318 3173; x_wconf 86' lang='lat' dir='ltr'>cm.</span> <span class='ocrx_word' id='word_1_196' title='bbox 337 3120 393 3176; x_wconf 84' lang='lat' dir='ltr'>HR</span> <span class='ocrx_word' id='word_1_197' title='bbox 486 3121 616 3176; x_wconf 90' lang='lat' dir='ltr'>honorem</span> <span class='ocrx_word' id='word_1_198' title='bbox 635 3125 661 3191; x_wconf 91' lang='lat' dir='ltr'>(e</span> <span class='ocrx_word' id='word_1_199' title='bbox 679 3123 711 3176; x_wconf 76' lang='lat' dir='ltr'>in</span> <span class='ocrx_word' id='word_1_200' title='bbox 728 3124 796 3188; x_wconf 85' lang='lat' dir='ltr'>rae.)</span> <span class='ocrx_word' id='word_1_201' title='bbox 815 3121 849 3175; x_wconf 89' lang='lat' dir='ltr'><strong><em>H</em></strong></span> <span class='ocrx_word' id='word_1_202' title='bbox 863 3121 965 3175; x_wconf 90' lang='lat' dir='ltr'>honore</span> <span class='ocrx_word' id='word_1_203' title='bbox 985 3120 1130 3175; x_wconf 80' lang='lat' dir='ltr'><strong><em>ERMAG</em></strong></span> <span class='ocrx_word' id='word_1_204' title='bbox 1218 3137 1250 3174; x_wconf 82' lang='lat' dir='ltr'>ea</span> <span class='ocrx_word' id='word_1_205' title='bbox 1268 3121 1298 3174; x_wconf 91' lang='lat' dir='ltr'><strong><em>D</em></strong></span> 
     </span>
     <span class='ocr_line' id='line_1_26' title="bbox 142 3210 1297 3280; baseline 0 -15"><span class='ocrx_word' id='word_1_206' title='bbox 142 3210 208 3265; x_wconf 82' lang='lat' dir='ltr'>edd.</span> <span class='ocrx_word' id='word_1_207' title='bbox 280 3211 338 3279; x_wconf 84' lang='lat' dir='ltr'>ipre</span> <span class='ocrx_word' id='word_1_208' title='bbox 357 3210 387 3264; x_wconf 89' lang='grc' dir='ltr'><em>Ε</em></span> <span class='ocrx_word' id='word_1_209' title='bbox 454 3210 785 3279; x_wconf 80' lang='lat' dir='ltr'>theatrica—indignetur</span> <span class='ocrx_word' id='word_1_210' title='bbox 803 3227 856 3264; x_wconf 87' lang='lat' dir='ltr'>om.</span> <span class='ocrx_word' id='word_1_211' title='bbox 876 3212 903 3263; x_wconf 94' lang='lat' dir='ltr'><strong><em>A</em></strong></span> <span class='ocrx_word' id='word_1_212' title='bbox 947 3213 1120 3280; x_wconf 88' lang='lat' dir='ltr'>3ooporum,</span> <span class='ocrx_word' id='word_1_213' title='bbox 1139 3227 1174 3264; x_wconf 87' lang='lat' dir='ltr'>m.</span> <span class='ocrx_word' id='word_1_214' title='bbox 1194 3213 1209 3262; x_wconf 89' lang='lat'><strong><em>1</em></strong></span> <span class='ocrx_word' id='word_1_215' title='bbox 1227 3225 1297 3265; x_wconf 85' lang='lat' dir='ltr'>corr.</span> 
     </span>
     <span class='ocr_line' id='line_1_27' title="bbox 144 3297 1295 3369; baseline -0.003 -15"><span class='ocrx_word' id='word_1_216' title='bbox 144 3315 289 3369; x_wconf 83' lang='lat' dir='ltr'>corporum</span> <span class='ocrx_word' id='word_1_217' title='bbox 307 3297 344 3351; x_wconf 86' lang='grc' dir='ltr'><em>Μ</em></span> <span class='ocrx_word' id='word_1_218' title='bbox 443 3298 707 3353; x_wconf 68' lang='lat' dir='ltr'>iture-dimittat</span> <span class='ocrx_word' id='word_1_219' title='bbox 724 3317 785 3367; x_wconf 81' lang='lat' dir='ltr'>orn„</span> <span class='ocrx_word' id='word_1_220' title='bbox 804 3301 836 3354; x_wconf 78' lang='lat' dir='ltr'>in</span> <span class='ocrx_word' id='word_1_221' title='bbox 854 3315 939 3369; x_wconf 78' lang='lat' dir='ltr'>marp.</span> <span class='ocrx_word' id='word_1_222' title='bbox 958 3315 992 3352; x_wconf 84' lang='lat' dir='ltr'>m.</span> <span class='ocrx_word' id='word_1_223' title='bbox 1013 3303 1028 3352; x_wconf 86' lang='lat'><strong><em>1</em></strong></span> <span class='ocrx_word' id='word_1_224' title='bbox 1046 3299 1112 3352; x_wconf 75' lang='lat' dir='ltr'>ado.</span> <span class='ocrx_word' id='word_1_225' title='bbox 1132 3299 1167 3354; x_wconf 80' lang='lat' dir='ltr'><em>M</em></span> <span class='ocrx_word' id='word_1_226' title='bbox 1253 3300 1295 3351; x_wconf 90' lang='lat' dir='ltr'>in-</span> 
     </span>
     <span class='ocr_line' id='line_1_28' title="bbox 143 3388 1299 3460; baseline -0.002 -17"><span class='ocrx_word' id='word_1_227' title='bbox 143 3393 222 3460; x_wconf 74' lang='lat' dir='ltr'>puta,</span> <span class='ocrx_word' id='word_1_228' title='bbox 240 3405 275 3441; x_wconf 84' lang='lat' dir='ltr'>m.</span> <span class='ocrx_word' id='word_1_229' title='bbox 296 3392 315 3441; x_wconf 87' lang='lat'><strong><em>3</em></strong></span> <span class='ocrx_word' id='word_1_230' title='bbox 333 3388 458 3457; x_wconf 84' lang='lat' dir='ltr'>inpunite</span> <span class='ocrx_word' id='word_1_231' title='bbox 477 3388 504 3442; x_wconf 98' lang='lat' dir='ltr'><strong><em>A</em></strong></span> <span class='ocrx_word' id='word_1_232' title='bbox 593 3389 611 3442; x_wconf 76' lang='lat'>5</span> <span class='ocrx_word' id='word_1_233' title='bbox 630 3390 708 3458; x_wconf 87' lang='lat' dir='ltr'>ponit</span> <span class='ocrx_word' id='word_1_234' title='bbox 726 3389 753 3441; x_wconf 87' lang='lat' dir='ltr'><strong><em>A</em></strong></span> <span class='ocrx_word' id='word_1_235' title='bbox 848 3405 911 3442; x_wconf 87' lang='lat' dir='ltr'>uere</span> <span class='ocrx_word' id='word_1_236' title='bbox 930 3389 1015 3442; x_wconf 90' lang='lat' dir='ltr'>uertit</span> <span class='ocrx_word' id='word_1_237' title='bbox 1033 3389 1064 3442; x_wconf 99' lang='grc' dir='ltr'><em>Ε</em></span> <span class='ocrx_word' id='word_1_238' title='bbox 1080 3405 1143 3442; x_wconf 89' lang='lat' dir='ltr'>nero</span> <span class='ocrx_word' id='word_1_239' title='bbox 1164 3389 1248 3442; x_wconf 87' lang='lat' dir='ltr'>uertit</span> <span class='ocrx_word' id='word_1_240' title='bbox 1266 3389 1299 3441; x_wconf 90' lang='grc' dir='ltr'><em>Η</em></span> 
     </span>
     <span class='ocr_line' id='line_1_29' title="bbox 143 3475 1296 3547; baseline -0.002 -15"><span class='ocrx_word' id='word_1_241' title='bbox 143 3494 211 3532; x_wconf 90' lang='lat' dir='ltr'>uero</span> <span class='ocrx_word' id='word_1_242' title='bbox 230 3480 339 3530; x_wconf 88' lang='lat' dir='ltr'>euertet</span> <span class='ocrx_word' id='word_1_243' title='bbox 354 3477 382 3530; x_wconf 88' lang='lat' dir='ltr'>P</span> <span class='ocrx_word' id='word_1_244' title='bbox 470 3479 487 3530; x_wconf 91' lang='grc'><strong>6</strong></span> <span class='ocrx_word' id='word_1_245' title='bbox 509 3475 606 3531; x_wconf 89' lang='lat' dir='ltr'>reddet</span> <span class='ocrx_word' id='word_1_246' title='bbox 623 3476 653 3531; x_wconf 90' lang='lat' dir='ltr'><strong><em>D</em></strong></span> <span class='ocrx_word' id='word_1_247' title='bbox 743 3478 759 3531; x_wconf 84' lang='lat' dir='ltr'>&#39;l</span> <span class='ocrx_word' id='word_1_248' title='bbox 784 3480 913 3543; x_wconf 83' lang='lat' dir='ltr'>gerentur</span> <span class='ocrx_word' id='word_1_249' title='bbox 938 3477 1004 3530; x_wconf 80' lang='grc' dir='ltr'>ΒΜ</span> <span class='ocrx_word' id='word_1_250' title='bbox 1026 3483 1069 3544; x_wconf 87' lang='lat' dir='ltr'>(m.</span> <span class='ocrx_word' id='word_1_251' title='bbox 1090 3476 1296 3547; x_wconf 73' lang='lat' dir='ltr'>egererentur)</span> 
     </span>
     <span class='ocr_line' id='line_1_30' title="bbox 143 3564 1294 3636; baseline 0.001 -17"><span class='ocrx_word' id='word_1_252' title='bbox 143 3569 280 3636; x_wconf 82' lang='lat' dir='ltr'>geruntur</span> <span class='ocrx_word' id='word_1_253' title='bbox 296 3567 325 3620; x_wconf 89' lang='lat' dir='ltr'><strong><em>A</em></strong></span> <span class='ocrx_word' id='word_1_254' title='bbox 378 3564 574 3636; x_wconf 76' lang='lat' dir='ltr'>Soupiditetis</span> <span class='ocrx_word' id='word_1_255' title='bbox 592 3565 628 3620; x_wconf 90' lang='lat' dir='ltr'><strong><em>H</em></strong></span> <span class='ocrx_word' id='word_1_256' title='bbox 674 3566 817 3635; x_wconf 82' lang='lat' dir='ltr'>9stirpsri</span> <span class='ocrx_word' id='word_1_257' title='bbox 831 3565 860 3620; x_wconf 90' lang='lat' dir='ltr'><strong><em>D</em></strong></span> <span class='ocrx_word' id='word_1_258' title='bbox 933 3564 1049 3634; x_wconf 87' lang='lat' dir='ltr'>deprimi</span> <span class='ocrx_word' id='word_1_259' title='bbox 1068 3565 1127 3620; x_wconf 81' lang='lat' dir='ltr'>edd.</span> <span class='ocrx_word' id='word_1_260' title='bbox 1143 3572 1254 3634; x_wconf 77' lang='lat' dir='ltr'>praeter</span> <span class='ocrx_word' id='word_1_261' title='bbox 1268 3583 1294 3620; x_wconf 84' lang='lat' dir='ltr'>m</span> 
     </span>
     <span class='ocr_line' id='line_1_31' title="bbox 145 3653 1292 3724; baseline -0.002 -14"><span class='ocrx_word' id='word_1_262' title='bbox 145 3656 179 3710; x_wconf 83' lang='lat'>10</span> <span class='ocrx_word' id='word_1_263' title='bbox 199 3653 348 3708; x_wconf 79' lang='lat' dir='ltr'>christiane</span> <span class='ocrx_word' id='word_1_264' title='bbox 366 3655 463 3724; x_wconf 83' lang='lat' dir='ltr'>(poetr.</span> <span class='ocrx_word' id='word_1_265' title='bbox 484 3656 502 3709; x_wconf 83' lang='lat'>1.</span> <span class='ocrx_word' id='word_1_266' title='bbox 522 3671 556 3709; x_wconf 79' lang='lat' dir='ltr'>eor</span> <span class='ocrx_word' id='word_1_267' title='bbox 573 3671 643 3710; x_wconf 80' lang='lat' dir='ltr'>corr.</span> <span class='ocrx_word' id='word_1_268' title='bbox 661 3672 695 3709; x_wconf 86' lang='lat' dir='ltr'>m.</span> <span class='ocrx_word' id='word_1_269' title='bbox 715 3659 740 3722; x_wconf 91' lang='lat'>1)</span> <span class='ocrx_word' id='word_1_270' title='bbox 759 3655 798 3708; x_wconf 87' lang='lat' dir='ltr'><em>M</em></span> <span class='ocrx_word' id='word_1_271' title='bbox 863 3655 894 3708; x_wconf 93' lang='grc'>11</span> <span class='ocrx_word' id='word_1_272' title='bbox 916 3654 1063 3710; x_wconf 86' lang='lat' dir='ltr'>consileuit</span> <span class='ocrx_word' id='word_1_273' title='bbox 1080 3655 1110 3708; x_wconf 89' lang='grc' dir='ltr'><em>Ε</em></span> <span class='ocrx_word' id='word_1_274' title='bbox 1128 3659 1173 3716; x_wconf 83' lang='lat' dir='ltr'>(m.</span> <span class='ocrx_word' id='word_1_275' title='bbox 1192 3658 1212 3707; x_wconf 81' lang='lat'><strong><em>2</em></strong></span> <span class='ocrx_word' id='word_1_276' title='bbox 1231 3671 1292 3708; x_wconf 91' lang='lat' dir='ltr'>con·</span> 
     </span>
     <span class='ocr_line' id='line_1_32' title="bbox 141 3743 1292 3811; baseline -0.001 -14"><span class='ocrx_word' id='word_1_277' title='bbox 141 3744 247 3810; x_wconf 82' lang='lat' dir='ltr'>silium)</span> <span class='ocrx_word' id='word_1_278' title='bbox 264 3743 292 3798; x_wconf 85' lang='lat' dir='ltr'><em>R</em></span> <span class='ocrx_word' id='word_1_279' title='bbox 374 3743 476 3798; x_wconf 89' lang='lat' dir='ltr'>diceret</span> <span class='ocrx_word' id='word_1_280' title='bbox 492 3743 549 3798; x_wconf 83' lang='lat' dir='ltr'>ER</span> <span class='ocrx_word' id='word_1_281' title='bbox 614 3745 647 3797; x_wconf 88' lang='grc'>12</span> <span class='ocrx_word' id='word_1_282' title='bbox 666 3744 776 3798; x_wconf 89' lang='lat' dir='ltr'>omnino</span> <span class='ocrx_word' id='word_1_283' title='bbox 795 3743 910 3797; x_wconf 78' lang='lat' dir='ltr'>militiae</span> <span class='ocrx_word' id='word_1_284' title='bbox 928 3744 1021 3811; x_wconf 77' lang='lat' dir='ltr'>slrm</span> <span class='ocrx_word' id='word_1_285' title='bbox 1089 3743 1123 3796; x_wconf 89' lang='lat'>13</span> <span class='ocrx_word' id='word_1_286' title='bbox 1143 3743 1182 3797; x_wconf 85' lang='lat' dir='ltr'>eis</span> <span class='ocrx_word' id='word_1_287' title='bbox 1202 3749 1292 3796; x_wconf 82' lang='lat' dir='ltr'>autern</span> 
     </span>
     <span class='ocr_line' id='line_1_33' title="bbox 141 3832 1292 3903; baseline 0 -17"><span class='ocrx_word' id='word_1_288' title='bbox 141 3833 242 3903; x_wconf 65' lang='lat' dir='ltr'>(elprae</span> <span class='ocrx_word' id='word_1_289' title='bbox 260 3848 329 3889; x_wconf 84' lang='lat' dir='ltr'>corr.</span> <span class='ocrx_word' id='word_1_290' title='bbox 349 3835 441 3886; x_wconf 82' lang='lat' dir='ltr'>entem</span> <span class='ocrx_word' id='word_1_291' title='bbox 460 3833 510 3901; x_wconf 90' lang='lat' dir='ltr'>eis)</span> <span class='ocrx_word' id='word_1_292' title='bbox 529 3833 556 3886; x_wconf 89' lang='lat' dir='ltr'><em>P</em></span> <span class='ocrx_word' id='word_1_293' title='bbox 573 3836 664 3886; x_wconf 83' lang='lat' dir='ltr'>eutem</span> <span class='ocrx_word' id='word_1_294' title='bbox 685 3833 724 3886; x_wconf 85' lang='lat' dir='ltr'>eis</span> <span class='ocrx_word' id='word_1_295' title='bbox 742 3832 806 3886; x_wconf 86' lang='lat' dir='ltr'>MA</span> <span class='ocrx_word' id='word_1_296' title='bbox 825 3832 885 3886; x_wconf 86' lang='lat' dir='ltr'>edd.</span> <span class='ocrx_word' id='word_1_297' title='bbox 906 3833 944 3886; x_wconf 85' lang='lat' dir='ltr'>eis</span> <span class='ocrx_word' id='word_1_298' title='bbox 963 3836 1024 3901; x_wconf 79' lang='lat' dir='ltr'>(orn.</span> <span class='ocrx_word' id='word_1_299' title='bbox 1046 3833 1147 3899; x_wconf 86' lang='lat' dir='ltr'>autem)</span> <span class='ocrx_word' id='word_1_300' title='bbox 1164 3832 1195 3885; x_wconf 92' lang='lat' dir='ltr'><strong><em>D</em></strong></span> <span class='ocrx_word' id='word_1_301' title='bbox 1249 3849 1292 3886; x_wconf 83' lang='lat' dir='ltr'>ce·</span> 
     </span>
     <span class='ocr_line' id='line_1_34' title="bbox 140 3919 1292 3991; baseline -0.003 -15"><span class='ocrx_word' id='word_1_302' title='bbox 140 3923 249 3976; x_wconf 80' lang='lat' dir='ltr'>lumnie</span> <span class='ocrx_word' id='word_1_303' title='bbox 265 3921 295 3976; x_wconf 87' lang='lat' dir='ltr'><em>R</em></span> <span class='ocrx_word' id='word_1_304' title='bbox 336 3922 369 3974; x_wconf 87' lang='grc'>15</span> <span class='ocrx_word' id='word_1_305' title='bbox 388 3921 483 3990; x_wconf 75' lang='lat' dir='ltr'>itaque</span> <span class='ocrx_word' id='word_1_306' title='bbox 500 3921 528 3974; x_wconf 92' lang='lat' dir='ltr'><strong><em>P</em></strong></span> <span class='ocrx_word' id='word_1_307' title='bbox 569 3922 601 3974; x_wconf 82' lang='grc'><strong>17</strong></span> <span class='ocrx_word' id='word_1_308' title='bbox 620 3921 746 3991; x_wconf 80' lang='lat' dir='ltr'>publicae</span> <span class='ocrx_word' id='word_1_309' title='bbox 765 3937 817 3976; x_wconf 89' lang='lat' dir='ltr'>om.</span> <span class='ocrx_word' id='word_1_310' title='bbox 836 3921 893 3975; x_wconf 83' lang='lat' dir='ltr'>ER</span> <span class='ocrx_word' id='word_1_311' title='bbox 948 3919 1035 3988; x_wconf 77' lang='lat' dir='ltr'>qualis</span> <span class='ocrx_word' id='word_1_312' title='bbox 1054 3919 1087 3972; x_wconf 89' lang='lat' dir='ltr'><strong><em>H</em></strong></span> <span class='ocrx_word' id='word_1_313' title='bbox 1122 3921 1155 3973; x_wconf 83' lang='lat'>19</span> <span class='ocrx_word' id='word_1_314' title='bbox 1174 3920 1292 3974; x_wconf 75' lang='lat' dir='ltr'>trientes</span> 
     </span>
     <span class='ocr_line' id='line_1_35' title="bbox 140 4009 1291 4080; baseline -0.003 -15"><span class='ocrx_word' id='word_1_315' title='bbox 140 4015 201 4080; x_wconf 85' lang='lat' dir='ltr'>(nte</span> <span class='ocrx_word' id='word_1_316' title='bbox 218 4028 253 4066; x_wconf 85' lang='lat' dir='ltr'>m.</span> <span class='ocrx_word' id='word_1_317' title='bbox 273 4015 289 4062; x_wconf 91' lang='lat'><strong><em>1</em></strong></span> <span class='ocrx_word' id='word_1_318' title='bbox 307 4011 371 4076; x_wconf 80' lang='lat' dir='ltr'>del.)</span> <span class='ocrx_word' id='word_1_319' title='bbox 389 4014 516 4079; x_wconf 83' lang='lat' dir='ltr'>petentes</span> <span class='ocrx_word' id='word_1_320' title='bbox 533 4009 568 4063; x_wconf 90' lang='lat' dir='ltr'><strong><em>H</em></strong></span> <span class='ocrx_word' id='word_1_321' title='bbox 613 4011 649 4064; x_wconf 83' lang='lat'>20</span> <span class='ocrx_word' id='word_1_322' title='bbox 667 4009 736 4064; x_wconf 82' lang='lat' dir='ltr'>fieici</span> <span class='ocrx_word' id='word_1_323' title='bbox 755 4011 783 4062; x_wconf 90' lang='lat' dir='ltr'><strong><em>A</em></strong></span> <span class='ocrx_word' id='word_1_324' title='bbox 800 4010 860 4064; x_wconf 86' lang='lat' dir='ltr'>fieri</span> <span class='ocrx_word' id='word_1_325' title='bbox 877 4009 906 4063; x_wconf 86' lang='lat' dir='ltr'><em>R</em></span> <span class='ocrx_word' id='word_1_326' title='bbox 957 4009 989 4062; x_wconf 83' lang='lat'>21</span> <span class='ocrx_word' id='word_1_327' title='bbox 1011 4011 1115 4064; x_wconf 80' lang='lat' dir='ltr'>setores</span> <span class='ocrx_word' id='word_1_328' title='bbox 1134 4009 1161 4060; x_wconf 89' lang='lat' dir='ltr'><strong><em>A</em></strong></span> <span class='ocrx_word' id='word_1_329' title='bbox 1233 4025 1291 4062; x_wconf 84' lang='lat' dir='ltr'>esse</span> 
     </span>
     <span class='ocr_line' id='line_1_36' title="bbox 142 4096 1292 4170; baseline -0.003 -16"><span class='ocrx_word' id='word_1_330' title='bbox 142 4100 246 4170; x_wconf 73' lang='lat' dir='ltr'>quoles,</span> <span class='ocrx_word' id='word_1_331' title='bbox 260 4116 295 4153; x_wconf 85' lang='lat' dir='ltr'>m.</span> <span class='ocrx_word' id='word_1_332' title='bbox 310 4103 325 4151; x_wconf 89' lang='lat'><strong><em>1</em></strong></span> <span class='ocrx_word' id='word_1_333' title='bbox 339 4115 408 4154; x_wconf 88' lang='lat' dir='ltr'>corr.</span> <span class='ocrx_word' id='word_1_334' title='bbox 424 4098 518 4168; x_wconf 78' lang='lat' dir='ltr'>quales</span> <span class='ocrx_word' id='word_1_335' title='bbox 534 4115 592 4152; x_wconf 89' lang='lat' dir='ltr'>esee</span> <span class='ocrx_word' id='word_1_336' title='bbox 606 4098 640 4152; x_wconf 89' lang='lat' dir='ltr'><strong><em>H</em></strong></span> <span class='ocrx_word' id='word_1_337' title='bbox 692 4099 786 4168; x_wconf 78' lang='lat' dir='ltr'>quales</span> <span class='ocrx_word' id='word_1_338' title='bbox 801 4099 980 4164; x_wconf 58' lang='lat' dir='ltr'>timotheum</span> <span class='ocrx_word' id='word_1_339' title='bbox 993 4096 1092 4151; x_wconf 80' lang='lat' dir='ltr'>detM</span> <span class='ocrx_word' id='word_1_340' title='bbox 1144 4097 1292 4151; x_wconf 75' lang='lat' dir='ltr'>christinus</span> 
     </span>
     <span class='ocr_line' id='line_1_37' title="bbox 140 4184 1291 4254; baseline -0.003 -11"><span class='ocrx_word' id='word_1_341' title='bbox 140 4205 193 4243; x_wconf 83' lang='lat' dir='ltr'>om.</span> <span class='ocrx_word' id='word_1_342' title='bbox 212 4188 246 4242; x_wconf 94' lang='lat' dir='ltr'><strong><em>H</em></strong></span> <span class='ocrx_word' id='word_1_343' title='bbox 263 4187 439 4240; x_wconf 76' lang='lat' dir='ltr'>christianam</span> <span class='ocrx_word' id='word_1_344' title='bbox 458 4186 489 4239; x_wconf 91' lang='grc' dir='ltr'><em>Ε</em></span> <span class='ocrx_word' id='word_1_345' title='bbox 576 4187 610 4240; x_wconf 80' lang='grc'>22</span> <span class='ocrx_word' id='word_1_346' title='bbox 633 4186 747 4240; x_wconf 81' lang='lat' dir='ltr'>audient</span> <span class='ocrx_word' id='word_1_347' title='bbox 770 4186 791 4252; x_wconf 79' lang='lat' dir='ltr'>(i</span> <span class='ocrx_word' id='word_1_348' title='bbox 810 4203 844 4240; x_wconf 85' lang='lat' dir='ltr'>m.</span> <span class='ocrx_word' id='word_1_349' title='bbox 864 4188 879 4238; x_wconf 87' lang='lat'><strong><em>1</em></strong></span> <span class='ocrx_word' id='word_1_350' title='bbox 898 4187 961 4253; x_wconf 81' lang='lat' dir='ltr'>dcl.)</span> <span class='ocrx_word' id='word_1_351' title='bbox 981 4185 1015 4238; x_wconf 87' lang='lat' dir='ltr'><strong><em>H</em></strong></span> <span class='ocrx_word' id='word_1_352' title='bbox 1035 4184 1137 4239; x_wconf 76' lang='lat' dir='ltr'>audent</span> <span class='ocrx_word' id='word_1_353' title='bbox 1154 4185 1192 4238; x_wconf 83' lang='lat' dir='ltr'><strong><em>M</em></strong></span> <span class='ocrx_word' id='word_1_354' title='bbox 1207 4188 1251 4254; x_wconf 88' lang='lat' dir='ltr'>(m.</span> <span class='ocrx_word' id='word_1_355' title='bbox 1271 4189 1291 4240; x_wconf 81' lang='lat'><strong><em>2</em></strong></span> 
     </span>
    </p>
   </div>
   <div class='ocr_carea' id='block_1_5' title="bbox 140 4275 600 4343">
    <p class='ocr_par' dir='ltr' id='par_1_5' title="bbox 140 4275 600 4343">
     <span class='ocr_line' id='line_1_38' title="bbox 140 4275 600 4343; baseline 0.002 -14"><span class='ocrx_word' id='word_1_356' title='bbox 140 4275 271 4343; x_wconf 81' lang='lat' dir='ltr'>audeant)</span> <span class='ocrx_word' id='word_1_357' title='bbox 290 4275 370 4329; x_wconf 82' lang='lat' dir='ltr'>ACP</span> <span class='ocrx_word' id='word_1_358' title='bbox 440 4275 555 4330; x_wconf 85' lang='lat' dir='ltr'>eduerse</span> <span class='ocrx_word' id='word_1_359' title='bbox 572 4275 600 4330; x_wconf 84' lang='lat' dir='ltr'><em>R</em></span> 
     </span>
    </p>
   </div>
   <div class='ocr_carea' id='block_1_6' title="bbox 0 0 1550 4959">
    <p class='ocr_par' dir='ltr' id='par_1_6' title="bbox 0 0 1550 4959">
     <span class='ocr_line' id='line_1_39' title="bbox 0 0 1550 4959; baseline 0 3"><span class='ocrx_word' id='word_1_360' title='bbox 0 0 1550 4959; x_wconf 95' lang='lat' dir='ltr'> </span> 
     </span>
    </p>
   </div>
  </div>
 </body>
</html>
