3092 4959
232 336 294 400 134
584 334 610 390 S.
638 335 776 389 Aureli
804 335 1022 405 Augustini
1082 369 1084 372 -

230 528 308 592 haec
331 531 426 610 atquc
449 527 655 594 huiusmodi
677 529 776 593 uerba
800 530 1045 596 obtrectantium
1073 531 1142 596 siue
1169 550 1230 596 non
1255 531 1376 596 obtrec-

229 633 325 698 tando
345 633 402 699 sed
421 636 597 718 quaerendo
615 637 693 701 talia
710 637 910 720 loquentium
929 639 1092 722 operosius
1106 639 1242 704 fortasse
1255 638 1379 704 refello-

229 760 306 816 rem,
331 742 393 806 nisi
419 741 497 807 haec
525 743 772 826 disceptationes
797 744 985 809 haberentur
1008 764 1081 810 cum
1104 745 1182 810 uiris
1204 745 1381 811 liberaliter

229 849 399 914 institutis.
427 849 510 914 unde
538 851 615 932 quid
642 870 722 934 opus
751 854 810 930 est,
834 854 872 915 ut
899 851 1019 916 diutius
1047 851 1228 918 laboremus
1257 871 1294 916 ac
1316 872 1379 917 noo

230 955 318 1038 ipsos
342 956 449 1037 potius
473 962 705 1038 percontemur,
725 976 786 1040 quo
806 957 900 1022 modo
918 961 1064 1040 poterant
1087 958 1262 1042 gubernare
1285 961 1380 1040 atque
1413 981 1427 1020 s

231 1080 348 1144 augere
367 1081 434 1127 rem
452 1063 625 1146 publicam,
645 1083 741 1146 quam
760 1084 797 1129 er
814 1083 912 1146 parua
930 1067 963 1128 et
980 1064 1067 1148 inopi
1085 1084 1230 1149 magnam
1252 1067 1381 1148 opulen-

230 1173 362 1250 tamque
387 1169 538 1247 lecerunt,
559 1170 614 1252 qni
637 1174 777 1253 ‘accepta
798 1169 912 1234 iniuria
934 1171 1099 1254 ignoscere
1118 1191 1212 1253 quam
1231 1173 1382 1255 persequi

232 1275 424 1340 malebant?
448 1296 510 1360 quo
533 1277 627 1342 modo
648 1277 784 1356 Caesari,
805 1279 915 1361 ntique
939 1278 1188 1344 administratori
1210 1279 1255 1345 rei
1278 1278 1384 1362 pnbli·

232 1401 298 1460 cae,
322 1401 425 1447 mores
450 1381 519 1446 eius
543 1383 695 1448 extollens
721 1383 830 1449 Cicero
855 1383 990 1462 dicebat,
1015 1384 1100 1467 quod
1126 1384 1207 1448 nihil
1234 1371 1385 1450 obliuisci

232 1489 350 1582 soleret
371 1489 433 1553 nisi
455 1489 608 1555 iniurias?
633 1490 759 1555 dicebat
783 1491 867 1556 onim
891 1491 951 1556 hoc
979 1495 1044 1556 tam
1073 1509 1209 1576 magnus
1236 1491 1385 1556 laudator
1403 1514 1431 1554 ro

233 1599 290 1660 aut
316 1599 383 1659 tam
411 1615 545 1680 magnus
573 1597 730 1673 adulator;
760 1597 817 1663 sed
849 1597 877 1662 si
907 1598 1061 1677 laudator,
1089 1600 1186 1662 talem
1215 1597 1385 1664 Caesarem

232 1707 374 1783 nouerat,
407 1703 433 1767 si
471 1706 578 1768 autern
616 1704 770 1781 adulator,
804 1703 902 1768 talem
940 1724 1010 1770 esse
1048 1705 1160 1770 debere
1198 1704 1386 1770 ostendebat

232 1809 408 1894 principem
438 1810 591 1888 ciuitatis,
616 1812 741 1893 qualem
764 1810 858 1875 illum
886 1811 1042 1876 fallaciter
1068 1811 1279 1895 praedicabat.
1309 1809 1386 1894 quid

234 1920 284 1982 est
311 1922 419 1981 autem
446 1936 507 1981 non
535 1917 664 1982 reddere
697 1917 817 1982 malum
848 1936 905 2001 pro
938 1919 1021 1983 malo
1054 1918 1117 1983 nisi
1149 1917 1315 1983 abhorrere
1347 1917 1386 1982 ab

233 2023 409 2089 ulciscendi
435 2023 576 2099 libidine,
606 2024 691 2106 quod
719 2029 769 2089 est
797 2028 927 2107 accepta
953 2025 1069 2090 iniuria
1095 2025 1258 2109 ignoscere
1290 2025 1387 2089 malle
1408 2045 1436 2087 u

235 2149 329 2212 quam
353 2131 499 2213 persequi
524 2134 557 2196 et
579 2131 658 2196 nihil
681 2131 743 2195 nisi
765 2132 898 2196 iniurias
923 2132 1092 2198 obliuisci?

170 2230 212 2293 10
281 2237 367 2302 Haec
401 2257 473 2302 cum
506 2238 537 2302 in
572 2258 681 2303 eorum
713 2240 865 2323 leguntur
897 2240 1091 2318 auctoribus,
1124 2240 1319 2304 exclamatur
1355 2239 1387 2302 et

231 2344 409 2426 plauditur;
442 2345 578 2410 describi
611 2351 706 2428 atque
739 2347 911 2429 praedicari
944 2366 1047 2411 mores
1080 2346 1239 2422 uidentur,
1269 2343 1386 2427 quibus

240 2450 371 2532 dignum
391 2457 477 2516 esset
496 2471 661 2538 exsurgere
681 2453 856 2531 ciuitatem,
872 2473 953 2536 quae
973 2457 1021 2518 tot
1039 2453 1189 2538 gentibus
1208 2452 1388 2534 imperaret,

241 2557 327 2640 quod
350 2562 481 2642 accepta
503 2560 617 2624 iniuria
634 2561 799 2644 ignoscere
819 2580 914 2643 quam
933 2561 1083 2643 persequi
1110 2559 1293 2624 malebant’.
1318 2576 1389 2622 cum
1409 2581 1439 2621 ao

333 2820 350 2871 6
370 2818 434 2873 Sall.
454 2818 514 2874 Cat.
533 2821 576 2887 52,
597 2820 630 2873 19
721 2821 750 2886 7;
769 2820 805 2875 20
824 2819 888 2874 Sall.
909 2819 968 2876 Cat.
988 2822 1013 2884 9,
1033 2823 1049 2876 5
1149 2821 1165 2874 9
1185 2818 1240 2874 Cic.
1259 2835 1308 2889 pro
1327 2817 1388 2887 Lig.

245 2910 286 2978 12,
307 2909 341 2962 35

278 3085 480 3140 lobtrectanti
497 3083 528 3138 D
598 3101 652 3138 non
671 3099 733 3153 om,
751 3101 786 3138 m.
807 3088 826 3138 3
850 3083 914 3140 adol.
934 3083 966 3138 Η
1054 3081 1236 3137 2refcllerinr
1254 3079 1282 3135 R
1301 3081 1389 3150 repel-

235 3176 318 3230 lerem
338 3174 366 3227 P
428 3175 444 3227 3
464 3173 531 3244 hece
549 3173 576 3225 A
594 3172 656 3244 hee,
676 3189 743 3226 corr.
763 3173 814 3244 hoq
834 3173 867 3228 Η
883 3173 968 3227 haeae
988 3172 1118 3238 (alterum
1138 3187 1169 3224 ae
1188 3171 1257 3239 exp.)
1277 3169 1304 3222 P
1320 3169 1389 3224 heae

236 3266 266 3319 D
287 3267 318 3317 ut
336 3263 387 3316 hee
409 3261 501 3318 Ohae
519 3262 583 3315 EM
601 3261 661 3316 cdd.
722 3260 922 3331 disputationes
940 3261 996 3316 ER
1016 3260 1209 3330 dispositiones
1227 3259 1256 3312 A
1292 3261 1388 3328 5per·

238 3357 396 3406 cunctemur
413 3350 451 3404 Μ
466 3355 510 3418 (m.
532 3355 552 3404 2
569 3354 768 3420 percontemur)
788 3351 841 3404 ΔΡ
858 3349 1086 3421 precontemusI
1188 3351 1269 3417 atque
1289 3363 1389 3416 engere

236 3457 290 3497 om.
310 3442 341 3495 D
431 3440 587 3510 begereI
668 3455 754 3510 parua
773 3457 834 3494 cum
852 3457 909 3494 ras.
926 3455 1015 3508 supra
1031 3443 1119 3508 poetr.
1139 3438 1158 3492 1.
1177 3436 1215 3490 Μ
1229 3451 1342 3507 paruam
1361 3434 1389 3489 B

276 3531 487 3599 opulentamque
504 3529 567 3582 ΜΔ
585 3528 825 3599 opulentoamquao
844 3527 938 3596 (fuiti
957 3532 982 3581 et
1001 3529 1026 3594 a)
1045 3527 1073 3580 P
1175 3526 1189 3578 l
1210 3525 1267 3595 qui]
1288 3523 1391 3595 quial

237 3617 423 3685 8mulebant,
441 3619 472 3673 in
490 3635 577 3687 marg.
596 3617 766 3672 uolebantI
837 3616 950 3672 crassari
970 3617 1037 3684 (suit
1055 3617 1078 3684 s)
1097 3615 1145 3669 EI
1215 3613 1387 3668 administra·

237 3709 292 3762 tori
311 3707 406 3777 utique
426 3706 486 3760 edd.
500 3712 614 3775 praeter
632 3725 651 3759 a
723 3705 917 3759 amministrati
936 3705 962 3758 A
982 3704 1172 3758 administrare
1191 3702 1247 3758 ER
1312 3700 1387 3758 udi-

239 3797 339 3852 cebant
358 3801 385 3863 (υ
404 3797 487 3863 crae.)
505 3796 527 3848 I
562 3798 595 3850 10
614 3795 721 3849 solebat
738 3796 759 3848 I
811 3793 945 3862 laudatos,
963 3811 999 3849 m.
1017 3797 1033 3847 1
1052 3809 1120 3848 corr.
1139 3793 1199 3846 uid.
1217 3789 1345 3845 laudator
1357 3788 1390 3844 H

239 3889 271 3942 11
293 3903 425 3940 cessarem
444 3887 505 3955 (alt.
525 3903 537 3938 s
556 3889 638 3947 eras.)
654 3885 675 3938 I
709 3888 744 3939 14
763 3884 918 3953 abhorrere]
939 3884 973 3939 ab
994 3900 1081 3938 errore
1095 3885 1122 3937 A
1177 3882 1210 3936 ab
1229 3879 1386 3945 ulciscendi,

238 3975 287 4030 aad
305 3976 329 4029 ci
348 3991 382 4030 ex
399 3967 1387 4040 comm.1;fus'toauteMaba}duliscenti(ederas.;postl

238 4081 261 4118 a.
279 4081 307 4118 a.
328 4079 342 4117 c
362 4061 440 4130 add.)
458 4061 488 4115 D
507 4061 540 4115 ab
560 4060 734 4115 adulescendi
751 4060 780 4114 R
872 4060 905 4112 15
924 4059 1065 4114 libidinem
1083 4059 1134 4113 DI
1240 4055 1306 4127 quid
1323 4055 1388 4110 ΒΜ

275 4150 347 4205 male
365 4150 393 4205 R
449 4152 482 4205 16
501 4148 627 4204 obliuisci
645 4149 758 4202 iniurias
776 4148 806 4201 D
862 4149 893 4201 18
912 4147 1067 4218 praedicare
1085 4147 1140 4202 ER
1210 4147 1243 4200 19
1262 4144 1384 4216 dignum]

240 4240 368 4293 idoneum
386 4239 409 4292 I
477 4256 545 4306 esse,
564 4255 598 4291 m.
618 4240 638 4291 2
657 4240 730 4291 esset
747 4237 776 4290 P
