3092 4959
268 426 333 489 692
623 424 649 477 S.
677 422 816 475 Aureli
845 423 1066 493 Augustini

267 624 299 683 et
328 619 495 702 diligenter
527 618 705 696 audierunt,
738 638 799 683 non
832 620 871 684 ab
900 640 936 685 eo
964 623 1054 685 tuam
1083 622 1287 687 sanctitatem
1317 622 1422 687 eristi-

265 729 355 789 ment
377 726 456 791 falli.

221 829 243 889 2
312 831 393 896 Nam
423 833 552 914 quidam
585 852 621 899 ex
650 832 818 915 discipulis
847 834 917 897 eins
946 834 1168 899 adulescentes
1197 835 1424 899 honestissime

267 939 334 1003 neti
367 942 400 1002 et
429 938 587 1003 institutis
624 938 811 1004 liberalibus
848 939 963 1003 eruditi
996 959 1096 1023 spem,
1136 960 1230 1023 quem
1263 940 1426 1005 habebant

265 1046 299 1137 in
322 1047 461 1122 saeculo,
486 1046 555 1110 eius
575 1045 790 1109 exhortatione
811 1044 1000 1111 dimiserunt
1019 1050 1052 1111 et
1071 1066 1105 1111 se
1124 1047 1164 1111 ad
1184 1046 1234 1111 dei
1253 1047 1423 1111 seruitium
1453 1070 1463 1107 1

268 1153 480 1217 contulerunt.
503 1152 668 1233 inquibus
688 1155 887 1216 tamencum
907 1153 1129 1236 apparuissent
1152 1154 1306 1236 quaedam
1330 1173 1425 1217 sanae

269 1258 428 1322 doctrinae
453 1257 665 1333 aduersante,
695 1277 775 1341 quae
800 1260 970 1324 saluatoris
995 1260 1163 1345 euangelio
1188 1260 1373 1326 continetur
1396 1270 1426 1325 et

268 1363 453 1448 apostolicis
491 1364 692 1429 sermonibus
725 1364 912 1442 declaratur,
950 1366 984 1431 id
1017 1369 1066 1431 est
1099 1385 1171 1431 cum
1205 1366 1427 1433 inuenirentnr

268 1473 377 1535 contra
400 1470 451 1535 dei
479 1470 613 1555 gratiam
642 1470 807 1553 disputari,
836 1476 966 1555 propter
993 1491 1087 1554 quam
1114 1472 1286 1538 Christiani
1308 1494 1426 1538 sumus

268 1581 301 1644 et
319 1578 350 1641 in
371 1598 434 1659 qua
452 1578 607 1661 spiritu
626 1597 672 1642 ex
690 1579 775 1643 lide
795 1598 904 1662 spem
924 1579 1120 1645 iustitiae
1146 1584 1424 1662 expectamus.
1445 1606 1463 1644 n

268 1688 301 1749 et
329 1685 598 1750 admonitionibus
626 1686 744 1750 nostris
768 1686 945 1767 inciperent
968 1686 1136 1765 emendari,
1166 1687 1321 1752 dederunt
1345 1688 1425 1751 mihi

266 1792 396 1870 librum,
426 1810 520 1874 quem
545 1791 689 1857 eiusdem
718 1792 843 1876 Pelagii
871 1812 941 1858 esse
966 1792 1119 1870 dixerunt,
1144 1798 1303 1877 rogantes,
1333 1800 1370 1858 nt
1395 1796 1425 1859 11

267 1900 375 1982 potius
399 1898 632 1983 responderem.
662 1898 748 1981 quod
771 1902 979 1982 posteaquam
1004 1900 1073 1963 uidi
1096 1919 1147 1964 me
1162 1900 1274 1965 iacere
1298 1898 1423 1972 debere,

267 2010 363 2071 uteo
388 2006 482 2071 modo
512 2025 598 2070 error
621 2005 689 2086 ipse
714 2005 853 2071 nefarius
884 2005 920 2069 de
945 2005 1092 2071 cordibus
1117 2025 1226 2071 eornm
1251 2006 1423 2089 perfectius

268 2113 452 2191 auferretur,
475 2113 542 2195 legi
565 2114 661 2196 atque
684 2112 840 2195 respondi
1443 2140 1462 2177 n

223 2216 243 2278 3
312 2220 347 2283 In
381 2220 440 2283 hoc
473 2219 554 2283 libro
588 2219 643 2283 ille
672 2218 723 2284 dei
753 2218 888 2303 gratiam
917 2238 978 2284 non
1007 2219 1146 2302 appellat
1174 2218 1236 2283 nisi
1266 2226 1421 2283 naturam.

268 2344 333 2406 orna
353 2325 452 2390 libero
478 2326 606 2390 arbitrio
632 2324 751 2391 conditi
771 2345 894 2389 sumus.
915 2326 1003 2389 illam
1022 2344 1109 2402 uero,
1130 2346 1225 2408 quam
1245 2326 1421 2391 innumera-

267 2433 386 2497 bilibus
418 2434 611 2498 testimoniis
640 2439 750 2498 sancta
779 2434 936 2516 scriptura
965 2432 1165 2497 commendat
1189 2452 1226 2497 ea
1250 2452 1307 2497 nos
1331 2434 1421 2498 iusti-

267 2540 364 2621 ficari,
388 2540 449 2604 hoc
473 2545 523 2605 est
545 2540 649 2604 iustos
673 2540 739 2603 fieri
764 2539 880 2604 docens
906 2543 938 2603 et
960 2541 990 2603 in
1016 2540 1101 2604 omni
1124 2558 1219 2621 opere
1244 2540 1327 2604 bono
1353 2541 1420 2605 siue

269 2646 388 2729 agendo
418 2647 488 2711 siue
516 2646 705 2729 perficiendo
739 2647 788 2711 dei
817 2646 1035 2711 misericordia
1061 2646 1176 2711 iuuari.
1210 2648 1299 2728 quod
1326 2648 1420 2711 etiam
1437 2674 1459 2713 s

268 2753 425 2819 orationes
447 2757 628 2818 sanctorum
649 2754 850 2836 apertissime
875 2754 1056 2830 ostendunt,
1081 2754 1197 2836 quibus
1216 2774 1252 2817 ea
1271 2758 1422 2837 petuntm

268 2877 286 2921 a
314 2859 453 2937 domino,
483 2880 562 2942 quae
589 2860 828 2941 praecipiuntur
856 2879 874 2923 a
903 2860 1041 2941 domino,
1069 2860 1150 2923 hanc
1181 2878 1256 2944 ergo
1289 2862 1420 2944 gratiam

268 2985 330 3030 non
364 2966 469 3032 solum
501 2970 598 3043 tacet,
632 2968 685 3030 sed
721 2968 749 3030 ei
779 2968 934 3031 contraria
962 2968 1064 3031 multa
1092 2966 1244 3047 loquitur.
1279 2967 1421 3031 adfirmat

268 3074 352 3137 enim
380 3074 647 3155 uehementerque
681 3074 845 3138 contendit
874 3094 929 3158 per
957 3073 1061 3138 solum
1090 3072 1226 3137 liberum
1256 3073 1421 3137 arbitrium

268 3180 331 3244 sibi
349 3180 520 3245 humanam
540 3182 684 3245 sufficere
704 3200 800 3263 posse
820 3184 964 3245 naturam
985 3180 1025 3244 ad
1049 3180 1239 3262 operandam
1262 3180 1420 3243 iustitiam
1438 3204 1459 3243 s

268 3293 301 3351 et
324 3288 429 3351 omnia
458 3287 509 3351 dei
536 3288 685 3351 mandata
714 3288 880 3352 seruanda.
910 3287 993 3351 unde
1018 3287 1088 3369 quis
1113 3304 1174 3349 non
1201 3284 1321 3360 uideat,
1352 3306 1420 3350 cum

268 3393 403 3458 eundem
431 3393 551 3458 librum
577 3394 702 3478 legerit,
737 3412 832 3477 quem
861 3394 901 3458 ad
929 3394 1059 3459 modum
1089 3394 1293 3477 oppugnetur
1321 3394 1422 3475 gratis

269 3500 329 3578 dei,
359 3500 398 3564 de
426 3519 490 3581 qua
518 3500 598 3564 dicit
626 3501 803 3583 apostolus:
835 3502 959 3565 Miser
987 3520 1053 3585 ego
1081 3500 1213 3564 homo!
1244 3500 1337 3581 quis
1367 3520 1421 3563 me

267 3607 472 3672 liberabit
502 3607 546 3671 de
570 3626 738 3690 corpore
762 3608 909 3673 mortis
935 3608 1078 3670 huius?
1107 3607 1243 3689 gratia
1266 3606 1331 3671 dei
1357 3621 1424 3689 per

268 3715 473 3779 dominum
501 3717 685 3778 nostrum
714 3716 850 3779 Iesum
882 3714 1102 3779 Christum.
1133 3722 1165 3777 et
1193 3712 1304 3778 nullus
1334 3715 1461 3779 loeuse

269 3819 377 3885 diuino
420 3820 576 3885 adiutorio
615 3820 823 3902 relinquatur,
867 3824 995 3903 propter
1031 3818 1117 3901 quod
1156 3822 1282 3884 orantes
1320 3820 1422 3885 dicere

359 4028 392 4081 10
412 4028 471 4083 Gal.
491 4030 517 4088 5,
538 4030 554 4081 5
609 4030 643 4081 28
663 4029 739 4081 Rom.
760 4030 784 4089 7,
804 4030 910 4082 21-21

302 4155 320 4203 4
339 4170 414 4221 spem
435 4169 485 4206 om.
514 4152 567 4206 l'U
582 4153 626 4218 (io
643 4170 730 4221 rncrp.
750 4153 827 4216 cdd.)
848 4153 917 4217 111.-
940 4153 974 4220 cs.
992 4170 1021 4221 p.
1044 4154 1111 4217 ⁶75,
1134 4156 1151 4205 7
1258 4152 1380 4208 habeant
1400 4152 1425 4205 Γ

268 4241 362 4293 beins
381 4257 432 4293 om.
460 4240 569 4295 1111111
588 4257 674 4309 scarp.
695 4241 773 4310 odd.)
794 4242 850 4294 lsr
905 4240 1120 4295 exhortationem
1149 4240 1200 4295 t'b'
1218 4244 1256 4309 (111
1276 4244 1424 4311 arcellas

267 4329 442 4397 9disputare
461 4346 511 4381 rm
569 4331 600 4383 15
620 4330 758 4383 auferetur
785 4329 837 4383 l'U
891 4331 924 4383 22
943 4328 1178 4399 percipiunturU
