3092 4959
296 373 361 436 612
655 372 682 428 S.
710 371 849 426 Aureli
876 373 1097 442 Augustini

296 586 416 632 sumus.
454 567 574 632 dictaui
616 568 712 632 etiam
750 567 848 632 trium
885 567 1082 650 psalmorum
1120 567 1353 650 expositionem
1387 587 1440 632 nou

294 675 402 756 paruis
434 673 663 754 uoluminibus,
698 674 889 758 sexagesimi
917 677 951 739 et
982 674 1123 756 septimi,
1156 675 1388 757 septuagesimi
1413 684 1440 737 er

296 782 400 865 primi,
430 781 661 866 septuagesimi
685 785 718 845 et
741 781 881 863 septimi.
910 781 1026 863 reliqui
1049 781 1190 846 nondum
1214 780 1328 845 dictati
1350 800 1441 864 neque

295 888 423 954 trattati
451 889 656 954 uehementer
684 889 818 954 anobis
842 891 1047 970 expectantur
1070 891 1166 971 atque
1188 887 1383 971 flagitantur.
1408 887 1440 950 ab

295 997 346 1061 his
365 1016 416 1060 me
434 995 577 1060 reuocari
595 999 628 1060 et
649 995 803 1060 retardari
826 995 1027 1060 inruentibus
1052 995 1091 1059 de
1114 997 1296 1060 transuerso
1321 995 1441 1077 quibus·
1464 1015 1473 1050 s

294 1102 376 1168 libet
402 1103 644 1185 quaestionibus
673 1104 758 1180 nolo,
787 1103 833 1166 ita
860 1105 899 1166 ut
920 1121 979 1167 nec
1001 1101 1101 1166 libros
1125 1101 1165 1166 de
1186 1101 1344 1178 trinitate,
1371 1121 1440 1183 quos

296 1209 351 1274 diu
379 1210 411 1273 in
440 1209 588 1274 manibus
613 1229 706 1276 uerso
732 1210 938 1293 nondumque
962 1208 1134 1292 compleui‚
1163 1209 1258 1272 modo
1281 1208 1440 1273 adtendere

295 1316 405 1394 uelim,
436 1317 586 1398 quoniam
615 1317 709 1380 nimis
734 1317 860 1400 operosi
889 1319 965 1380 sunt
992 1320 1025 1380 et
1052 1315 1205 1398 apaucis
1228 1333 1285 1379 eos
1307 1314 1440 1397 intellegi

296 1442 390 1506 posse
419 1423 562 1487 arbitror.
591 1423 674 1488 unde
701 1424 806 1507 magis
834 1426 961 1508 urgent,
990 1441 1072 1504 quae
1099 1421 1245 1505 pluribus
1269 1421 1364 1486 utilia
1384 1422 1440 1486 tore

297 1549 472 1613 speramus.
1456 1550 1476 1585 u

252 1633 271 1694 2
340 1636 412 1702 Non
440 1638 535 1714 enim,
565 1640 602 1701 ut
630 1636 756 1715 scribis,
790 1637 870 1719 ‘qui
898 1637 1076 1720 ignorat,
1108 1635 1384 1720 ignorabitur
1409 1635 1441 1698 de

296 1743 354 1808 hae
386 1763 420 1808 re
450 1743 529 1808 dixit
556 1744 733 1826 apostolus,
764 1747 929 1826 tamquam
956 1745 1021 1808 ista
1048 1761 1151 1824 poena
1179 1741 1235 1806 ille
1264 1741 1442 1824 plectendus

298 1851 350 1928 sit,
388 1849 443 1933 qui
480 1869 542 1915 non
579 1850 666 1914 ualet
702 1849 924 1933 intellegentia
960 1851 1006 1915 sic
1044 1849 1223 1914 discernere
1259 1848 1443 1914 ineffabilem
1543 1834 1544 1837 ¹

296 1957 449 2022 trinitatis
468 1958 636 2033 unitatem,
661 1956 745 2020 sicut
765 1955 956 2022 discernitur
974 1956 1006 2020 in
1026 1957 1131 2022 animo
1156 1959 1264 2021 nostro
1288 1955 1443 2020 memoria.

295 2064 490 2140 intellectus,
524 2062 684 2128 uoluntas.
718 2061 846 2128 aliunde
874 2064 935 2129 hoe
963 2063 1090 2128 dicebat
1116 2060 1293 2146 apostolus.
1320 2064 1391 2146 lege
1416 2072 1479 2124 eto
1543 2118 1544 2125 ,

296 2171 433 2248 uidebis,
458 2171 542 2252 quod
562 2190 600 2234 ee
621 2168 823 2252 loquebatur,
848 2189 929 2252 quae
953 2169 1048 2234 fidem
1071 2172 1126 2234 1111
1149 2187 1253 2234 mores
1276 2168 1444 2233 multorum

296 2276 507 2354 aedificarent,
546 2295 606 2342 non
645 2295 726 2360 quae
758 2277 812 2341 uix
845 2277 884 2341 ad
917 2295 1093 2360 paucorum
1127 2294 1261 2358 eamque
1294 2273 1445 2359 exiguam.

296 2385 587 2466 quantulacumque
615 2382 647 2446 in
672 2384 729 2447 hac
759 2384 829 2448 uita
857 2383 895 2447 de
918 2403 952 2448 re
974 2386 1065 2449 tanta
1089 2402 1159 2450 esse
1181 2385 1302 2465 potest,
1325 2380 1446 2446 intelle-

296 2490 435 2574 gentiam
459 2489 670 2572 peruenirent‚
695 2489 727 2552 id
747 2494 798 2555 est
817 2492 854 2553 ut
871 2490 991 2574 linguis
1010 2489 1178 2573 prophetia
1195 2491 1447 2572 praeponeretur.

296 2601 407 2662 utnon
422 2597 605 2679 perturbate
619 2596 675 2661 illa
690 2601 884 2680 gererentur,
900 2597 993 2678 quasi
1006 2596 1252 2679 prophetiae
1271 2594 1446 2678 spiritus
1462 2615 1482 2653 a·

297 2703 393 2768 etiam
432 2703 553 2768 inuitos
591 2704 682 2786 loqui
720 2707 858 2788 cogeret,
897 2707 933 2767 ut
969 2701 1167 2768 mulieres
1197 2703 1237 2767 in
1271 2701 1449 2766 ecclesia

295 2813 446 2886 tacerent,
486 2815 524 2874 ut
558 2811 688 2875 omnia
723 2812 895 2876 honeste
930 2814 970 2876 et
1004 2811 1226 2876 secundum
1269 2809 1448 2875 ordinem

295 2919 419 2984 herent.
440 2917 516 2982 haec
536 2937 610 2983 eum
636 2923 754 3001 ageret,
784 2918 842 2983 ait:
870 2918 910 2984 si
939 2918 1032 3002 quis
1059 2917 1227 2983 uidetur
1251 2915 1449 3000 propheta

297 3043 387 3088 esse
417 3027 486 3088 aut
514 3023 737 3106 spiritalis.
767 3026 1004 3109 eognoscat,
1033 3043 1135 3106 quae
1160 3023 1297 3088 scribo
1323 3021 1450 3087 uobis.

298 3131 391 3213 quia
416 3129 568 3195 domini
593 3133 655 3196 est
676 3131 917 3195 mandatum.
941 3131 975 3195 si
1000 3131 1092 3212 quis
1117 3135 1250 3195 autern
1275 3129 1482 3213 ignorate

296 3237 572 3321 ignorabitur,
597 3237 647 3302 his
672 3237 779 3302 uerbis
805 3237 976 3302 cohercens
1000 3237 1095 3302 etad
1118 3237 1286 3321 pacificum
1311 3235 1451 3300 ordinem

296 3362 448 3408 reuocans
472 3343 634 3424 inquietos
658 3347 746 3410 tanto
772 3345 811 3408 ad
836 3344 1025 3409 seditionem
1049 3344 1219 3422 faciliores,
1248 3347 1370 3425 quanto
1393 3339 1452 3404 sibi
1540 3394 1541 3423 ,

387 3600 416 3654 11
439 3599 454 3653 1
472 3598 533 3654 cor.
554 3599 650 3666 1131
759 3600 795 3654 1ο
813 3584 897 3670 ipo.
918 3599 960 3661 19,
980 3599 1015 3653 ro
1117 3599 1151 3654 11
1172 3597 1187 3652 1
1205 3599 1267 3654 cor.
1288 3602 1332 3670 14,
1351 3604 1401 3658 aa:
1420 3609 1453 3654 a·

296 3691 330 3744 13
349 3689 363 3742 1
382 3688 441 3742 cor.
463 3689 505 3756 14,
524 3689 631 3742 er-ea

334 3832 347 3885 1
368 3831 611 3896 expositionemon,
635 3845 692 3883 rae.
716 3835 743 3883 et
765 3845 835 3884 corr.
858 3847 893 3884 m.
913 3833 929 3882 1
947 3830 1132 3899 expositiones
1151 3847 1205 3885 nou
1227 3830 1253 3884 T
1269 3833 1455 3902 expositiones

296 3919 468 3974 nonHRm
519 3917 974 3972 2et‚..et...etom.erm
1023 3917 1456 3992 6quod,rrr.1wrr.qnosll

297 4007 525 4078 urendumque,
543 4007 631 4077 upum
649 4023 719 4062 corr.
739 4007 805 4077 qnia
823 4007 943 4061 nondum
961 4006 990 4061 R
1046 4008 1229 4077 12111011112
1250 4009 1278 4064 U
1333 4011 1370 4064 16
1385 4008 1457 4080 qnod

296 4099 339 4167 ca]
365 4113 397 4151 es
421 4113 472 4168 que
492 4097 519 4150 P
629 4097 661 4150 18
686 4098 942 4166 quantulacumque,
965 4113 1000 4151 m.
1026 4099 1041 4148 1
1063 4113 1132 4151 cerr.
1155 4099 1413 4168 quantulacumque
1436 4095 1461 4148 l‘

297 4187 515 4255 quantulumque
538 4184 564 4238 Τ
618 4185 651 4240 19
669 4189 868 4255 proponeretur
890 4185 918 4240 U
973 4187 1004 4239 21
1028 4187 1459 4255 eogeretttirrrcr.m.1.li
1539 4248 1540 4257 ἵ

297 4277 331 4329 23
352 4291 411 4328 esse
431 4275 564 4345 propheta
582 4274 642 4328 cdd.
698 4276 732 4328 27
752 4273 872 4344 fatiores,
890 4291 926 4330 m.
947 4278 967 4329 2
985 4274 1122 4330 1111111111
1145 4274 1173 4330 U
1539 4260 1540 4273 ¹
