3092 4959
510 442 776 511 epistularum
801 440 922 497 CLVIII.
1225 446 1288 509 491

137 636 285 719 migratio
317 637 393 700 talia
424 636 610 718 percontari.
646 656 716 701 cum
746 637 778 699 in
808 654 936 718 corpore
965 654 1087 699 sumus.
1122 638 1171 699 est
1199 636 1290 700 nobls

136 761 250 807 sensns
288 744 417 808 interior
453 745 566 808 sollers
604 764 659 826 pro
693 744 836 826 agilitate
872 742 970 807 studii
1004 742 1105 807 nostri
1137 746 1170 807 et
1201 744 1289 806 tanto

135 849 321 934 uigilantior
335 852 366 913 et
379 850 560 928 feruentior,
580 852 697 932 quanto
717 850 873 913 fuerimus
895 848 1114 925 studiosiores,
1135 853 1167 913 et
1187 848 1289 913 adiuro

134 956 360 1037 impedimento
393 956 534 1038 corporis
567 956 719 1020 retardari
756 974 814 1020 nos
853 955 981 1019 uidetur
1013 974 1083 1019 esse
1116 955 1288 1038 probabile.

101 1063 206 1145 aquis
234 1068 341 1127 antem
370 1063 484 1140 omnia,
516 1082 596 1145 quae
625 1063 750 1127 animus
785 1082 819 1126 er
854 1082 983 1144 corpore
1013 1064 1140 1144 patitur,
1174 1064 1290 1147 poterit

132 1174 297 1233 enarrare?
321 1170 403 1233 inter
424 1169 483 1233 bas
507 1170 618 1233 turbas
642 1172 675 1232 et
697 1169 864 1233 molestias
889 1188 924 1233 er
950 1169 1239 1253 suggestionibus„
1253 1188 1288 1233 11

131 1276 407 1358 temptationibus,
450 1295 486 1340 ex
522 1275 770 1340 necessitatibus
810 1275 1009 1359 diuersisque
1052 1276 1287 1340 calamitatibus

131 1382 297 1445 uenientes
336 1381 554 1463 fortitudinem
592 1400 682 1445 suam
720 1402 781 1445 non
820 1382 938 1446 deserit
979 1382 1113 1459 animus,
1155 1382 1287 1459 reststit,
1370 1456 1372 1461 ,

132 1489 244 1553 uincit.
264 1488 433 1571 aliquando
452 1489 601 1553 uincitur.
622 1493 739 1566 tamen,
759 1490 909 1570 quoniam
929 1489 1074 1552 meminit
1095 1488 1155 1565 sui,
1176 1484 1289 1571 agilior

88 1618 113 1655 10
133 1598 165 1658 et
199 1595 367 1659 sollicitior
403 1594 541 1659 efficitur
578 1596 733 1659 excitatus
771 1596 868 1659 tantis
898 1594 1068 1660 ¹laboribus
1103 1597 1134 1658 et
1166 1595 1287 1675 rumpit

133 1721 278 1784 quosque
310 1702 409 1765 nodos
441 1702 582 1766 multtiae
616 1705 647 1765 et
679 1702 795 1766 transit
822 1702 862 1766 ad
889 1702 1028 1766 meliora.
1063 1701 1139 1783 quid
1173 1700 1286 1777 dloam,

133 1808 283 1892 dignatur
306 1809 492 1892 intellegere
512 1808 665 1873 sanctitas
684 1811 749 1872 tua.
772 1827 847 1893 ergo
867 1828 940 1873 cum
959 1808 991 1872 in
1011 1807 1069 1872 hoo
1087 1807 1155 1871 uita
1175 1826 1286 1871 sumus

133 1918 166 1979 et
197 1915 317 1979 talibus
350 1916 549 1998 egestatibus
582 1914 776 1998 impedimur
804 1920 835 1979 et
862 1920 979 1991 tamen,
1015 1914 1100 1979 sicut
1132 1914 1287 1996 scriptum

134 2026 193 2093 est,
219 2022 530 2105 superuinoimus
558 2042 625 2105 per
653 2042 744 2094 eum,
776 2022 838 2103 qui
869 2021 1004 2087 dilexit
1033 2040 1110 2096 nos,
1136 2024 1286 2085 exeuntes

87 2150 112 2189 11
133 2130 172 2193 de
200 2148 328 2210 corpore
357 2133 389 2192 et
417 2147 497 2193 onus
531 2147 624 2193 omno
652 2135 684 2193 et
712 2129 794 2214 agile
828 2131 995 2211 peccatum
1028 2127 1198 2192 euadentes
1232 2127 1287 2208 qui

134 2240 269 2299 sumus?

62 2367 84 2405 o
179 2343 219 2406 Et
246 2342 383 2424 prImum
412 2361 538 2424 quaero,
572 2346 678 2406 utrum
708 2340 836 2423 aliquod
867 2360 980 2423 corpus
1015 2342 1067 2415 sit,
1102 2340 1186 2423 quod
1218 2359 1284 2403 rem

131 2450 359 2532 incorpoream,
388 2449 448 2513 1111
473 2452 521 2512 est
544 2448 646 2531 ipsius
672 2451 794 2513 animae
824 2448 1036 2512 substantiam
1064 2467 1124 2511 non
1150 2446 1284 2511 deserat.

132 2576 204 2621 cum
240 2556 396 2619 dimiserit
428 2556 488 2619 hoc
521 2560 680 2620 terrenum
713 2575 839 2639 corpus,
878 2574 916 2619 ne
949 2554 1030 2619 forte
1064 2555 1102 2618 de
1135 2557 1285 2635 quattuor

83 2686 111 2724 20
132 2682 229 2726 unum
255 2663 299 2726 sit
321 2668 377 2726 aut
400 2662 519 2725 aerium
545 2667 600 2726 ant
624 2663 810 2726 aetherium.
836 2682 908 2726 cum
932 2662 1015 2726 enim
1040 2662 1222 2743 incorporea
1243 2662 1284 2725 sit

131 2769 245 2844 anima,
276 2769 302 2832 si
332 2770 419 2833 omni
447 2788 577 2851 corpore
606 2773 702 2844 caret,
734 2770 797 2832 iam
826 2789 887 2833 una
916 2773 966 2834 est
994 2770 1145 2833 omnium.
1176 2771 1208 2831 et
1230 2767 1283 2830 ubi

130 2876 192 2939 erit
218 2875 273 2939 ille
302 2875 391 2939 diues
420 2880 613 2959 purpuratus
642 2881 674 2939 et
697 2876 833 2941 Lazarus
862 2878 1070 2941 uulneratus?
1100 2894 1160 2957 quo
1189 2875 1283 2938 modo

130 2982 227 3045 etiam
263 2982 386 3046 moritis
424 2982 650 3059 discernentur,
692 2987 729 3046 ut
765 2983 820 3047 ille
856 3003 1001 3064 poenam,
1038 2982 1092 3046 ille
1131 2982 1282 3065 gaudium

129 3088 256 3163 lrabeat,
284 3087 311 3151 si
340 3107 402 3151 una
431 3108 466 3151 11
495 3089 640 3152 omnibus
669 3089 863 3169 incorporeis
898 3088 1077 3171 apparuerit
1109 3088 1223 3164 anima,
1258 3088 1284 3150 si

81 3218 110 3257 25
130 3200 236 3259 tamen
265 3193 398 3278 figurate
425 3195 482 3259 illa
510 3195 689 3279 significata
716 3214 777 3259 non
807 3198 901 3259 sunt?
931 3198 1052 3259 certum
1086 3198 1137 3259 est
1168 3198 1284 3270 autem,

131 3302 215 3384 quia,
245 3302 272 3365 si
295 3302 376 3365 locis
404 3305 560 3379 tenentur,
592 3302 777 3385 corporibus
806 3306 962 3367 tenentur.
992 3306 1028 3365 ut
1056 3302 1109 3364 ille
1139 3300 1229 3364 diues
1253 3302 1284 3363 in

130 3410 258 3473 flamma
283 3414 314 3471 et
336 3409 392 3473 ille
416 3409 447 3471 in
473 3410 545 3473 sinu
569 3410 723 3473 Abrahae.
749 3409 777 3473 si
801 3409 870 3474 loca
894 3414 977 3487 sunt,
1003 3426 1132 3491 corpora
1156 3410 1286 3471 suntet

131 3517 162 3579 in
196 3515 381 3597 corporibus
414 3516 537 3579 animae
571 3519 645 3580 srrnt
681 3516 896 3599 incorporeum
935 3519 989 3579 aut
1022 3516 1050 3579 si
1081 3533 1200 3596 poenae
1233 3514 1284 3577 1111

225 3777 257 3829 14
277 3778 353 3829 Rom.
374 3778 399 3839 8,
419 3778 452 3831 37
510 3777 541 3829 21
563 3776 627 3829 Luc.
652 3776 693 3843 16,
713 3776 819 3829 19-22

170 3902 342 3956 ltaliaom.
370 3901 397 3955 U
465 3902 635 3972 percunctari
660 3900 792 3955 vueod.
848 3905 994 3970 boorpore
1014 3904 1108 3969 (oona.
1128 3901 1287 3955 11.11,11Ρ

130 3990 329 4046 8desieritP
403 3992 434 4043 12
454 4008 546 4043 sumus
565 3990 666 4043 talibus
694 3990 823 4046 VUcdd.
905 3992 937 4041 18
957 4006 1111 4059 corpoream
1132 3990 1209 4043 codd.
1231 3989 1286 4041 Iar·

130 4079 757 4137 2011111111111111111111111111111111111111·
829 4081 862 4132 22
884 4080 1020 4133 eleazarus
1041 4080 1067 4131 P
1149 4079 1285 4131 ulceratus

129 4172 162 4224 in
181 4186 267 4237 usurp.
287 4185 302 4221 r
369 4169 403 4221 24
423 4170 445 4222 si
466 4170 531 4237 una]
552 4186 657 4221 summa
681 4168 736 4222 I'U
752 4170 793 4234 (in
812 4186 895 4237 orrarp.
916 4168 939 4220 si
959 4172 1022 4223 unul
1044 4168 1100 4219 1111·
1168 4167 1286 4235 26111111

130 4259 164 4328 si]
187 4274 254 4327 quac
279 4257 334 4311 vu
349 4258 410 4312 edd.
493 4259 526 4311 27
546 4258 604 4327 ille]
623 4274 726 4327 pauper
745 4257 791 4310 ille
811 4274 836 4309 m
929 4258 962 4309 28
982 4256 1157 4325 incorporeae
1177 4258 1235 4325 aut]
1257 4258 1283 4307 in

129 4366 243 4418 corpore
263 4352 353 4401 autem
378 4347 433 4402 VU
450 4348 509 4402 edd.
