3092 4959
261 370 327 437 368
616 368 643 425 S.
671 370 810 425 Aureli
837 370 1056 442 Augustini

261 565 410 629 seuersnt
423 584 525 647 usque
538 563 571 630 iu
586 564 692 630 finem.
717 568 750 631 et
769 567 881 650 utique
899 569 1074 651 potueruut
1088 568 1166 651 rapi,
1185 587 1232 633 ne
1249 568 1408 634 malitia

260 674 440 745 mitteret
462 672 727 738 intellectum
751 692 871 753 eornm,
887 675 915 739 si
930 674 970 739 ad
984 674 1073 739 illam
1089 675 1407 758 praedestinationem

261 780 296 843 et
327 778 539 857 uocationem,
576 797 657 862 quae
696 780 921 845 seeundum
957 781 1219 863 propositum
1256 785 1290 847 et
1325 782 1408 847 sine

261 884 522 969 paenitentia
553 888 613 964 est,
646 887 850 969 pertinerent.
874 907 911 952 ao
934 906 973 953 ne
997 888 1165 971 quisquam
1189 892 1409 972 praesumptor

260 992 308 1057 ita
333 991 371 1057 de
396 993 530 1057 occultis
553 992 676 1057 iudicet
699 994 823 1073 alienis,
846 998 884 1059 ut
906 994 1005 1060 dieat:
1029 995 1115 1060 ‘Ideo
1139 1013 1201 1060 non
1230 996 1314 1079 rapti
1338 999 1444 1061 sunto

261 1117 300 1163 er
321 1098 381 1163 hae
404 1099 483 1177 uita,
507 1101 677 1182 antequam
702 1103 810 1168 essent
832 1100 907 1166 fidei
930 1101 1121 1180 desertores,
1146 1102 1223 1185 quia
1244 1103 1278 1168 in
1301 1102 1408 1168 eadem

261 1205 329 1269 uita
346 1223 408 1270 uon
426 1206 564 1273 fideliter
582 1208 790 1273 ambulabant
808 1211 842 1273 et
859 1208 919 1273 hoo
938 1208 971 1274 iu
986 1228 1096 1275 eorum
1115 1209 1268 1282 cordibus
1281 1213 1410 1275 nouerat

261 1312 421 1393 dominus,
453 1314 601 1397 quamuis
623 1315 808 1380 hominibus
836 1315 930 1379 aliter
958 1318 1143 1399 appareret'
1167 1315 1244 1399 quid
1269 1316 1408 1381 dicturus

170 1476 171 1481 ,
262 1422 312 1483 est
335 1418 373 1483 de
396 1420 564 1487 infantulis
587 1422 741 1504 paruulis,
768 1422 823 1505 qui
846 1422 990 1505 plerique
1018 1426 1148 1507 accepto
1172 1423 1204 1487 in
1228 1422 1287 1488 illa
1309 1426 1407 1489 aetate

263 1525 461 1593 Christianae
485 1531 605 1613 gratiae
629 1532 837 1607 sacramento,
857 1548 930 1593 oum
954 1529 1023 1594 sine
1042 1528 1139 1595 dnbio
1159 1528 1356 1611 pertinerent
1371 1530 1407 1595 ad
1421 1552 1443 1592 n

261 1633 363 1698 uitam
387 1637 548 1700 aeternam
570 1654 768 1719 regnumque
792 1636 963 1715 caelorum,
987 1635 1016 1699 si
1035 1635 1185 1702 continuo
1205 1656 1242 1702 er
1260 1637 1322 1703 hae
1346 1638 1408 1701 uita

261 1740 445 1826 migrarent,
460 1741 608 1806 sinuntur
626 1760 767 1806 erescere
791 1746 824 1807 et
847 1741 990 1806 nonnulli
1009 1741 1105 1807 etiam
1124 1746 1292 1825 apostatae
1310 1742 1406 1807 fiunt?

260 1847 356 1925 unde,
379 1846 442 1913 nisi
466 1848 623 1931 quianon
646 1848 806 1931 pertinent
837 1848 878 1913 ad
904 1848 994 1914 illem
1026 1848 1349 1932 praedestinationem
1378 1854 1407 1913 et

263 1954 482 2021 seeundum
520 1956 778 2039 propositum
814 1974 850 2019 ao
892 1955 981 2021 sine
1017 1956 1282 2038 paenitentia
1320 1974 1407 2020 noea·

260 2060 402 2127 tionem?
427 2080 483 2126 eur
505 2066 613 2127 antam
636 2061 676 2126 ad
699 2082 768 2129 eam
789 2061 843 2128 alii
861 2063 1049 2146 pertineant,
1068 2062 1125 2128 alii
1141 2081 1203 2127 uon
1223 2062 1405 2146 pertineant,
1419 2082 1441 2124 a

262 2169 389 2234 occulta
407 2187 504 2233 eausa
522 2187 594 2235 esse
611 2172 728 2252 potest,
747 2168 868 2235 iniusta
887 2189 948 2235 uou
965 2173 1083 2251 potest.
1108 2167 1308 2252 numquid
1329 2168 1406 2235 enim

262 2274 466 2357 iniquitas
508 2274 613 2358 apud
650 2276 788 2342 deum?
826 2275 945 2341 absit.
981 2296 1055 2341 nam
1091 2279 1125 2341 et
1155 2276 1217 2341 hoo
1250 2276 1291 2341 ad
1322 2275 1403 2341 illam

260 2382 398 2465 pertinet
411 2382 612 2447 altitudinem
626 2381 829 2459 iudiciorum,
850 2400 946 2464 quarn
964 2383 1082 2448 mirans
1100 2384 1267 2465 tamquam
1286 2382 1404 2464 expauit

260 2490 441 2572 apostolus3
471 2488 542 2554 ideo
572 2488 688 2572 quippe
716 2489 772 2555 illa
799 2488 919 2554 iudioia
946 2492 1052 2567 uocat,
1079 2488 1311 2571 nequisquam
1333 2488 1403 2552 talia

258 2594 326 2660 fieri
353 2598 447 2678 putot
474 2595 544 2661 siue
571 2594 742 2679 iniquitate
768 2596 839 2660 siue
862 2595 1042 2660 temeritate
1069 2594 1217 2659 sapientis
1241 2594 1311 2660 siue
1333 2612 1437 2661 rusus

259 2706 291 2766 et
317 2702 451 2767 fortuito
482 2702 665 2768 labentibus
698 2702 775 2769 ullis
806 2702 952 2786 partibus
983 2706 1051 2767 tam
1088 2702 1318 2787 dispositorum
1346 2700 1400 2766 sub

257 2810 347 2873 tanta
370 2808 421 2873 dei
444 2808 601 2892 sapientia
624 2808 836 2874 saeculorum.

192 2908 234 2973 23
301 2917 338 2980 ln
363 2915 502 2999 epistula
519 2934 613 2998 porro
633 2914 672 2979 ad
687 2914 897 2982 colossenses
917 2915 1003 2999 quod
1022 2914 1179 2999 seriptum
1199 2919 1265 2981 est:
1288 2912 1318 2981 N
1325 2932 1397 2979 emo

257 3042 331 3087 uos
365 3022 538 3087 seducat
575 3020 721 3088 uolens
758 3021 797 3086 in
834 3022 1076 3088 humilitate
1114 3024 1147 3085 et
1179 3026 1294 3101 uetera,
1327 3036 1398 3103 quae

348 3265 490 3335 lSsp.4,
512 3265 543 3319 11
602 3266 634 3319 16
653 3266 729 3320 Rom.
749 3268 777 3331 9,
798 3266 831 3320 14
887 3266 921 3321 18
939 3267 1016 3321 Rom.
1037 3266 1079 3329 11,
1098 3266 1134 3321 33
1194 3266 1308 3322 23001.
1326 3266 1351 3326 2,
1369 3261 1397 3316 18

293 3388 308 3443 1
333 3390 429 3459 utique
452 3407 506 3443 non
529 3393 679 3459 potuerunt
702 3390 735 3445 K
849 3391 944 3463 rapine
968 3392 996 3445 A
1017 3391 1120 3461 rapine,
1141 3406 1178 3447 aa.
1202 3394 1223 3445 2
1244 3392 1303 3462 rapi
1324 3406 1357 3445 ne
1376 3386 1401 3441 P

290 3478 408 3543 malleio,
426 3496 461 3534 m.
480 3483 495 3532 1
514 3494 583 3533 corr.
602 3480 711 3533 malicia
735 3476 760 3531 V
867 3480 884 3535 2
903 3482 1018 3543 mutare,
1041 3495 1076 3531 m.
1097 3481 1117 3533 2
1135 3482 1257 3533 mutaret
1274 3480 1302 3534 P
1320 3484 1398 3535 aare.

254 3586 289 3623 m.
308 3570 467 3623 enataret
487 3567 514 3622 G
585 3567 697 3636 illam.
717 3568 804 3622 ailla
824 3568 852 3622 G
940 3571 1007 3624 iat
1029 3566 1133 3624 vead.
1207 3569 1396 3639 quisquamne

253 3673 376 3715 auru
396 3661 420 3723 1)
445 3656 471 3710 V
523 3656 755 3723 5iudios‘afioe
772 3656 1027 3724 a.‚m.2iudicet
1047 3656 1074 3711 G
1114 3652 1398 3720 dmmsbsabl

289 3746 349 3801 uita
372 3751 436 3802 ante
461 3744 639 3800 ambulabant
656 3745 725 3799 ΗΜ
745 3747 805 3801 uita
827 3746 875 3800 ubi
899 3749 963 3801 aute
986 3745 1166 3800 ambulabant
1187 3746 1216 3800 A
1238 3748 1303 3814 (oso
1325 3759 1397 3815 quau

254 3834 512 3904 essent-fideliter)
572 3834 737 3889 deserrtores
755 3834 790 3888 K
841 3836 924 3889 luia
946 3834 1004 3889 VK
1060 3834 1149 3889 cordis
1168 3836 1196 3889 A
1249 3834 1355 3905 8quod
1370 3830 1401 3887 Η

252 3925 446 3979 §liniantuliss
463 3924 570 3993 &uitus
589 3941 601 3977 e
620 3922 646 3991 A)
665 3924 692 3977 A
749 3924 782 3977 12
802 3924 968 3994 emigrarent
985 3923 1144 3991 241²on
1162 3940 1184 3978 r.
1202 3940 1231 3979 as.
1245 3940 1282 3977 as.
1300 3926 1328 3993 1)
1342 3920 1398 3976 aaa

254 4012 288 4067 16
305 4010 410 4067 iniusta
428 4030 488 4067 esse
506 4029 561 4067 non
579 4030 605 4067 m
662 4013 695 4067 17
715 4012 800 4082 apud]
819 4020 834 4067 e
853 4010 972 4083 apudV
1027 4013 1059 4067 18
1077 4010 1261 4081 partineafl
1326 4008 1398 4078 iude·

253 4116 329 4155 orum
348 4103 376 4155 A
423 4103 456 4157 19
475 4101 534 4169 illa]
555 4101 617 4165 alia,
636 4118 673 4155 m.
692 4105 712 4155 2
729 4102 800 4155 talia
819 4100 846 4155 G
891 4102 926 4155 20
945 4100 1031 4155 steri
1048 4101 1121 4169 Ussit
1138 4100 1168 4169 p)
1186 4098 1222 4154 K
1272 4095 1394 4155 intendis

251 4189 348 4243 ΗΜΛ
410 4190 443 4244 21
463 4189 579 4244 fortuitu
598 4190 658 4244 AV
727 4190 784 4245 illia
807 4190 833 4244 G
903 4194 961 4243 tam
979 4188 1125 4243 m.2del.
1144 4189 1173 4244 P
1243 4188 1296 4244 sub
1311 4184 1393 4252 taum]

250 4278 417 4345 substantia,
434 4296 469 4333 m.
490 4284 509 4334 2
528 4296 545 4333 a
563 4279 718 4334 substantie
739 4279 766 4334 G
820 4279 854 4332 22
874 4279 1011 4349 sapientia
1029 4278 1073 4334 dei
1090 4278 1188 4333 Hm
1204 4278 1268 4335 edd
