3092 4959
254 456 294 517 12
605 455 630 506 S.
659 452 797 507 Aureli
825 453 1043 521 Augustini

251 646 309 725 uit,
339 650 395 712 eut
421 648 574 714 mentitur
601 652 657 712 aut
683 649 815 713 fallitur.
843 649 997 732 quaedam
1026 650 1119 728 enim,
1144 669 1223 731 quae
1251 648 1329 713 mibi
1357 648 1396 712 ad

251 772 357 817 curam
382 772 441 818 non
460 755 614 837 pertinere
634 756 704 820 uisa
727 760 811 833 sunt,
830 756 1080 838 praetermisisse
1103 776 1154 821 me
1178 756 1289 834 sentio,
1308 755 1396 820 nulla

252 864 356 925 temen
392 862 472 927 falsa
505 862 630 927 dixisse.
663 862 793 947 proinde
826 868 956 928 sanctus
987 864 1073 930 lilius
1105 867 1213 929 noster
1244 864 1395 928 Pinianus

252 967 335 1048 quod
360 988 409 1031 me
432 972 597 1050 praesente
621 988 657 1033 ac
680 970 883 1051 permittente
906 971 1069 1049 iurauerit,
1089 990 1200 1035 uerum
1224 976 1287 1047 est;
1312 968 1396 1052 quod

252 1076 358 1137 autem
383 1094 432 1139 me
455 1076 666 1159 praecipiente
689 1076 851 1155 iurauerit,
874 1076 992 1142 falsum
1016 1082 1075 1142 est.
1100 1078 1162 1143 scit
1184 1079 1263 1160 ipse,
1292 1077 1397 1141 sciunt
1428 1096 1443 1137 s

252 1179 421 1259 semidei,
446 1200 524 1263 quos
550 1181 662 1247 adme
687 1183 786 1258 misit,
809 1182 911 1266 primo
939 1186 1068 1248 sanctus
1091 1184 1262 1261 Barnabas,
1287 1182 1397 1247 deinde

252 1284 421 1365 Timasius,
450 1306 505 1369 per
533 1307 626 1370 quem
655 1289 748 1353 etiam
783 1289 821 1353 de
852 1289 1061 1373 promissione
1093 1291 1288 1372 praesentiae
1321 1308 1397 1354 suae

251 1392 329 1455 mibi
353 1394 522 1459 mandauit.
545 1395 615 1477 ipse
639 1415 764 1479 quoque
788 1397 927 1480 populus
951 1397 991 1461 ad
1013 1397 1255 1480 presbyterium,
1274 1416 1335 1464 uon
1358 1395 1397 1461 ad

251 1498 488 1564 iusiurandum
513 1501 675 1567 clamando
702 1504 848 1587 cogebat;
874 1502 930 1567 sed
956 1504 1097 1567 oblatum
1117 1504 1178 1567 sibi
1197 1523 1257 1569 non
1275 1502 1398 1586 respuit

253 1624 289 1669 ea
322 1625 388 1689 spe,
417 1626 478 1688 quo
511 1612 622 1691 posset
652 1609 683 1672 in
718 1610 828 1673 eodem
862 1608 945 1694 apud
974 1628 1030 1674 nos
1059 1610 1220 1674 habitante
1248 1611 1396 1674 uoluntas
1416 1630 1443 1669 lo

252 1713 329 1791 lieri,
355 1732 416 1795 quo
442 1715 635 1779 consentiret
662 1715 700 1779 ad
730 1715 968 1792 ordinationem,
994 1736 1041 1793 ne,
1066 1718 1150 1780 sicut
1176 1717 1346 1794 iurauerat,
1370 1716 1398 1779 si

251 1818 372 1885 inuitus
392 1819 599 1897 ordinaretur,
619 1820 813 1886 abscederet.
838 1840 875 1886 ac
893 1842 948 1905 per
970 1823 1031 1888 boc
1049 1825 1081 1886 et
1099 1823 1147 1887 illi
1166 1826 1294 1906 propter
1318 1842 1397 1905 opus

253 1924 303 1989 dei
331 1926 549 1991 clemaueruut
578 1966 616 1974 —
647 1948 746 2009 neque
776 1929 857 1992 enim
887 1928 1094 1994 sanctificatio
1122 1930 1308 2012 presbyterii
1337 1949 1397 1995 non

253 2036 303 2098 est
325 2054 405 2117 opus
429 2037 479 2101 dei
499 2074 541 2083 -—
560 2041 601 2113 et,
622 2036 706 2120 quod
725 2041 836 2119 postea
860 2036 898 2101 (11
916 2037 1074 2119 promissa
1091 2036 1270 2119 praesentia
1292 2041 1397 2120 gratu-

251 2141 309 2205 lati
332 2160 392 2205 non
417 2146 501 2219 suut,
521 2144 582 2208 nisi
601 2143 779 2219 adderetur,
799 2143 893 2225 quod,
914 2144 941 2207 si
962 2144 1085 2225 quando
1105 2143 1143 2208 ad
1162 2142 1397 2224 suscipiendum
1417 2162 1441 2201 rs

253 2248 435 2313 clericatum
465 2251 640 2315 consentire
664 2250 773 2328 uellet,
798 2269 859 2314 non
887 2250 950 2314 nisi
978 2250 1007 2314 in
1033 2249 1241 2333 Hipponiensi
1263 2248 1400 2313 ecclesia

254 2354 454 2433 consentiret,
470 2357 548 2420 satis
568 2358 598 2420 in
618 2360 766 2441 promptu
786 2360 846 2431 est,
866 2357 1064 2439 quodetiam
1084 2356 1123 2420 de
1139 2355 1210 2437 ipsa
1228 2356 1295 2420 eius
1314 2354 1398 2438 apud

254 2482 287 2527 se
307 2462 500 2527 habitatione
520 2465 724 2546 sperauerint,
744 2464 878 2546 ideoque
902 2464 940 2528 ab
964 2463 1019 2527 illo
1043 2463 1146 2546 operis
1170 2462 1218 2526 dei
1243 2462 1397 2527 desiderio

254 2588 314 2633 non
337 2574 544 2635 recesserunt.

210 2677 227 2739 7
299 2672 367 2753 Quo
396 2676 488 2741 modo
518 2696 591 2763 ergo
620 2678 699 2743 dicis
727 2678 788 2742 hoc
816 2696 870 2742 eos
898 2676 1013 2741 fecisse
1041 2675 1226 2757 turpissimo
1255 2674 1395 2756 appetitu
1416 2697 1442 2738 ao

252 2782 426 2863 pecuniae?
450 2785 550 2866 primo
575 2786 649 2867 quia
673 2785 713 2849 ad
734 2784 871 2867 plebem,
895 2802 976 2865 quae
995 2783 1163 2861 clamabat,
1187 2782 1314 2845 omnino
1337 2799 1397 2845 non

252 2887 401 2965 pertinet;
427 2890 512 2954 sicut
535 2892 618 2957 enim
637 2892 727 2974 plebs
747 2890 953 2975 Tagastensis
977 2889 1015 2954 de
1033 2890 1094 2966 bis,
1115 2908 1194 2970 quae
1218 2886 1398 2952 contulistis

253 2994 405 3061 ecclesiae
419 2995 690 3081 Tagastensium
708 2998 805 3061 babet
823 2996 884 3060 nisi
904 2996 1056 3079 gaudium
1075 2995 1148 3060 boni
1168 2996 1270 3078 operis
1289 2994 1399 3072 uestri,

253 3100 299 3165 sic
324 3104 355 3165 et
377 3102 606 3184 Hipponiensis
631 3106 663 3168 et
686 3102 859 3168 cuiuslibet
881 3102 1012 3165 alterius
1039 3101 1113 3176 loci,
1137 3100 1193 3165 ubi
1221 3100 1265 3164 de
1289 3117 1398 3163 mam-

253 3226 365 3271 mona
392 3208 636 3291 iniquitatis
665 3208 783 3274 domini
811 3211 978 3291 praecepta
999 3208 1122 3273 fecistis
1146 3208 1199 3272 uel
1221 3206 1299 3271 estis
1327 3204 1397 3269 ubi·
1416 3226 1443 3266 as

253 3332 389 3396 cumque
412 3315 536 3379 facturi.
560 3335 621 3380 non
646 3334 718 3399 ergo
742 3316 891 3398 populus
915 3317 953 3378 ut
976 3313 1014 3378 de
1042 3318 1130 3379 tanto
1153 3313 1222 3378 uiro
1246 3311 1398 3376 ecclesiae

253 3422 432 3485 consuleret
451 3441 537 3499 suae,
558 3422 778 3486 ardentissime
801 3421 947 3505 flagitans
967 3440 1061 3486 suum
1079 3418 1297 3502 pecuniarium
1315 3437 1398 3483 com·

253 3529 382 3593 modum
406 3530 567 3611 quaesiuit
591 3548 608 3593 a
631 3528 735 3607 uobis,
759 3528 814 3593 sed
838 3533 982 3592 uestrum
1005 3526 1157 3610 pecuniae
1181 3530 1397 3607 contemptum

253 3636 363 3701 dilexit
393 3637 423 3700 in
458 3637 559 3701 uobis.
593 3655 662 3699 nam
698 3636 725 3699 si
756 3635 787 3698 11
820 3654 870 3701 me
903 3634 1088 3711 dilexerunt,
1119 3632 1204 3715 quod
1236 3632 1398 3697 audierant

343 3796 377 3848 24
396 3794 461 3849 Luc.
483 3796 525 3853 16.
545 3796 561 3849 9

289 3918 450 3987 3111111111
476 3918 528 3973 VU
612 3917 779 3971 liureuerit
796 3932 848 3969 om.
867 3915 945 3969 codd.
1028 3914 1136 3967 6serui
1154 3930 1188 3967 m.
1208 3916 1228 3966 2
1245 3912 1277 3965 in
1294 3910 1400 3968 11111

252 4010 269 4061 9
296 4006 348 4060 sibi
371 4022 432 4074 om,
455 4008 487 4060 in
509 4023 594 4075 uturp.
618 4024 652 4060 m.
677 4010 691 4058 1
716 4004 782 4059 add.
810 4003 836 4057 U
925 4004 957 4057 12
982 4006 1010 4056 et
1033 4020 1094 4065 cnr..
1113 4007 1267 4057 m.18.u.
1287 3999 1397 4054 (111111

289 4099 399 4166 propter
418 4094 507 4149 bier
543 4096 575 4148 ll
595 4112 662 4165 opus
682 4097 724 4147 est
747 4092 803 4147 VU
843 4092 1026 4155 ltncnom,
1046 4092 1233 4160 1111111111.
1253 4094 1267 4142 1
1287 4088 1351 4143 aod.
1375 4088 1402 4141 V

255 4187 287 4238 16
306 4186 449 4255 ipponensi
474 4184 526 4238 VU
544 4183 713 4253 Hipponensi
732 4181 792 4238 edd.
849 4182 881 4236 17
901 4182 1053 4234 consentire
1072 4178 1099 4234 U
1167 4181 1294 4247 promptu
1312 4182 1399 4246 (prex

252 4292 288 4344 pp
307 4292 342 4331 m.
362 4280 389 4341 1)
409 4274 437 4328 11
519 4276 554 4327 24
572 4273 729 4343 ipponensis
754 4270 808 4325 VU
824 4271 1006 4340 Hipponensis
1026 4268 1086 4323 edd.
1172 4270 1205 4321 21
1226 4268 1397 4337 pecuniarum

259 4364 312 4418 l'U
382 4363 518 4433 quaesiuit
537 4361 706 4416 commodum
725 4361 785 4414 edri.
840 4361 874 4412 28
894 4359 1006 4412 anobis
1030 4356 1086 4410 VU
