3092 4959
520 431 786 500 epistularum
814 429 891 486 CXL.
1214 434 1282 498 227

129 633 266 711 surgunt
294 647 368 712 ergo
396 647 504 692 omnes
533 627 606 692 illae
634 627 775 712 uirgines
800 631 833 692 et
860 627 1020 710 sapientes
1045 632 1077 692 et
1105 628 1223 692 stultae
1249 631 1281 692 et

130 738 241 819 aptant
263 734 424 817 lampades
449 753 533 814 suae,
556 734 590 798 id
618 739 668 799 est
695 735 848 799 rationem
876 737 1064 818 praeparant
1089 733 1219 798 reddere
1244 733 1283 798 de

131 843 281 926 operibus
302 842 379 905 suia.

47 936 84 998 79
177 948 241 1014 Sed
259 950 336 1012 tune
354 948 442 1013 illius
459 948 604 1013 clamoris
621 947 783 1012 euidentia
797 951 828 1011 et
842 947 1071 1012 resurreetione
1086 951 1283 1013 mortuorum

98 1057 208 1138 equia
234 1057 322 1119 nulla
351 1055 411 1120 erit
438 1054 594 1119 dubitatio
623 1055 685 1117 iam
713 1054 863 1118 instantis
891 1054 1130 1138 praesentisque
1162 1053 1283 1133 iudicii,

131 1162 338 1226 subtrahetur
357 1180 448 1226 omne
467 1161 616 1226 solatium
636 1160 741 1226 laudis
761 1161 925 1224 humanae.
944 1161 1143 1242 nequeenim
1157 1147 1286 1224 naoabit

132 1269 172 1333 de
202 1268 263 1333 alio
293 1267 469 1350 disceptare
497 1267 550 1332 uel
579 1268 616 1332 de
646 1268 707 1332 ulio
736 1267 876 1331 iudicare
904 1270 960 1332 aut
988 1266 1156 1352 gratifioari
1190 1271 1284 1350 atque

132 1375 302 1460 suffragari
344 1375 444 1452 alteri,
487 1374 611 1457 quando
654 1375 916 1456 unusquisque
958 1375 1150 1456 proprium
1192 1392 1284 1438 onus

131 1483 307 1567 portabit
334 1485 366 1546 et
390 1481 428 1546 de
453 1501 582 1546 suorum
611 1481 768 1545 laetorum
792 1480 950 1545 reddenda
976 1481 1097 1545 ratione
1121 1479 1284 1565 rogitabit.

87 1613 113 1652 ιο
133 1609 170 1654 ao
199 1609 256 1671 per
283 1589 344 1653 hoo
370 1589 489 1652 feretur
517 1588 643 1671 quidem
674 1588 799 1651 animus
827 1588 987 1672 uirginum
1012 1589 1183 1652 stultarum
1213 1606 1284 1650 oon·

133 1695 305 1759 suetudine
328 1696 464 1779 propria,
484 1694 540 1760 sed
563 1713 624 1758 non
647 1694 786 1758 inuentis
810 1694 958 1759 humanis
981 1694 1130 1758 laudibus
1150 1691 1284 1756 deficiet.

132 1821 238 1884 neque
268 1803 349 1868 enirn
381 1801 575 1886 germanitus
605 1801 763 1866 dixerunt:
793 1801 898 1883 Apud
927 1808 963 1865 te
990 1801 1074 1864 laus
1098 1818 1187 1876 mea,
1217 1799 1284 1862 uel:

132 1909 174 1972 In
200 1909 349 1973 domino
368 1908 590 1974 laudabitur
609 1908 730 1972 anima
749 1927 838 1984 mea,
859 1910 914 1972 aut
932 1909 963 1971 in
985 1907 1112 1973 domino
1132 1907 1285 1990 gloriatae

133 2018 221 2088 aunt,
246 2034 318 2079 oum
346 2017 529 2100 ignorantes
553 2015 602 2079 dei
626 2015 783 2078 iustitiam
811 2014 967 2078 iustitiam
993 2034 1084 2079 suam
1115 2013 1286 2078 constitue-

88 2149 112 2189 re
132 2125 214 2186 rent.
239 2141 273 2186 ao
297 2141 353 2204 per
376 2123 435 2187 hoo
458 2125 569 2205 petant
593 2141 610 2184 a
629 2122 826 2204 sapientibus
851 2122 967 2196 oleum,
991 2122 1051 2186 hoo
1075 2123 1124 2185 est
1147 2119 1286 2202 aliquam

133 2229 399 2293 consolationem:
419 2247 476 2292 neo
495 2227 663 2293 inueniunt
680 2245 737 2291 nee
757 2226 919 2309 aooipiuut
935 2227 1002 2291 illis
1021 2224 1285 2308 respondentibus

133 2355 169 2400 se
207 2334 339 2410 nescire,
373 2337 479 2398 utrum
517 2335 571 2397 uel
609 2333 670 2397 sibi
708 2333 848 2397 sufficiat
884 2333 953 2415 ipsa
991 2332 1193 2409 conscientia,
1225 2351 1287 2413 qua

132 2445 304 2524 expectant
326 2441 575 2508 misericordiam
601 2441 660 2505 sub
684 2441 740 2504 illo
764 2441 881 2515 iudice,
906 2441 959 2522 qui
985 2459 1065 2504 oum
1093 2439 1129 2503 in
1153 2439 1285 2502 throno

132 2548 291 2626 sederit,
326 2549 410 2630 quis
443 2548 675 2634 gloriabitur
708 2549 854 2611 eastum
888 2567 926 2612 se
958 2547 1095 2610 habere
1129 2565 1191 2610 oor
1223 2548 1287 2608 aut

85 2656 221 2738 eequis
265 2655 495 2738 gloriabitur
534 2654 710 2718 mundum
754 2673 792 2717 se
836 2672 918 2717 esse
956 2673 973 2716 a
1015 2655 1182 2735 peceato,
1224 2651 1288 2714 nisi

133 2763 402 2845 superexultat
429 2761 691 2826 misericordia
719 2761 874 2839 iudicio,
900 2778 980 2842 quae
1009 2778 1105 2840 super
1133 2778 1187 2822 eos
1217 2758 1286 2834 erit,

132 2871 190 2953 qui
223 2868 458 2934 misericordiae
491 2888 584 2950 opera
621 2869 677 2932 illa
713 2868 886 2932 intentione
919 2866 1072 2942 fecerunt,
1106 2868 1142 2928 ut
1179 2884 1286 2929 eorum

131 2978 349 3052 misereretur,
375 2995 477 3058 aquo
503 2995 536 3039 se
561 2975 704 3040 solebant
729 2975 901 3056 accepisse,
926 2972 1010 3055 quod
1039 2971 1205 3048 habebant,
1230 2989 1287 3034 nee

226 3165 401 3230 8Gal.6,5
467 3167 499 3220 12
518 3167 563 3220 Po.
582 3169 625 3232 21,
645 3167 692 3228 26;
713 3166 792 3230 33,3
858 3165 892 3217 14
909 3164 987 3217 Rom.
1008 3163 1086 3225 10‚3
1153 3162 1186 3215 18
1205 3162 1286 3216 Pron.

132 3257 180 3321 20,
200 3257 271 3310 8-9
291 3272 344 3309 see.
365 3254 494 3325 Septuag.
551 3255 582 3307 21
604 3255 657 3308 Iac.
676 3256 702 3322 2,
723 3255 755 3307 13
811 3251 879 3306 231
899 3251 958 3306 Cor.
977 3251 1039 3319 4,7

171 3364 185 3416 l
209 3362 329 3431 uirgines
342 3361 406 3415 illae
423 3361 478 3415 GT
490 3361 550 3415 edd.
588 3359 766 3429 tlampades,
786 3376 820 3412 m.
839 3364 855 3413 1
873 3374 943 3413 corr.
962 3356 1101 3427 lampadas
1120 3356 1148 3410 R
1185 3356 1203 3408 4
1221 3359 1287 3408 tune

131 3453 162 3504 in
182 3451 258 3504 illins
278 3449 338 3503 edd.
446 3451 461 3504 5
482 3450 545 3519 quia
564 3466 597 3502 ece
616 3465 693 3516 corr„
706 3448 769 3516 fuit
788 3447 823 3516 qd
842 3447 875 3500 N
979 3445 1119 3513 instantis]
1140 3443 1242 3496 insanis
1265 3442 1290 3494 Τ

171 3539 375 3610 prostantisque
399 3538 422 3592 0
485 3541 499 3591 7
520 3542 568 3590 aut
587 3538 739 3608 gratificare
760 3541 841 3605 atque
862 3535 1008 3604 suffragare
1029 3534 1055 3586 L
1075 3537 1124 3586 aut
1142 3532 1289 3601 gratificari

132 3631 185 3683 ant
204 3627 393 3698 suffragatio
497 3627 682 3695 8proprinm]
702 3642 778 3678 suurn
803 3625 892 3678 Teeo.
918 3624 997 3692 Vulp.
1103 3621 1136 3674 10
1154 3619 1288 3675 ferturT

172 3719 279 3772 animus
299 3717 408 3786 quidem
427 3715 486 3769 edd.
567 3717 598 3768 ll
620 3715 745 3768 laudibus
765 3714 890 3767 humanis
910 3713 968 3766 edd.
1044 3713 1077 3764 12
1097 3710 1168 3763 enirn
1187 3727 1238 3764 om.
1258 3709 1285 3762 R

134 3809 170 3863 14
191 3823 268 3860 suem
287 3807 419 3860 iustitiam
440 3805 499 3859 eud.
572 3807 706 3859 iustitiam
727 3803 821 3858 oro.R
894 3803 1095 3855 constituerunt
1112 3800 1137 3852 T
1191 3799 1223 3852 15
1243 3815 1287 3868 pe·

131 3901 200 3952 tunt
222 3895 277 3950 GT
294 3895 353 3949 edd.
410 3895 443 3947 16
462 3895 604 3948 inueniunt
623 3911 672 3947 nee
691 3911 741 3948 om.
765 3891 790 3944 T
852 3892 996 3960 aspiciunt,
1015 3907 1049 3942 m.
1070 3892 1090 3942 2
1108 3888 1245 3956 accipiunt
1262 3886 1287 3938 G

134 3986 170 4040 18
191 3987 352 4054 expectante
374 3981 399 4036 G
494 3983 526 4034 21
553 3983 735 4052 superexaltet
758 3977 897 4034 ORGNT
914 3995 933 4030 a
951 3993 1001 4031 seo.
1026 3976 1104 4044 Volp.
1125 3974 1187 4042 (Gr.
1206 3993 1285 4025 κατα-

130 4074 291 4144 κω1χᾰται);
306 4073 340 4140 of.
357 4089 396 4140 ep.
416 4071 567 4134 CLXVII,
583 4074 618 4124 19
630 4088 651 4124 e.
661 4071 715 4140 flu.
777 4067 970 4129 misericordia,
985 4083 1019 4119 m.
1031 4068 1050 4118 2
1064 4061 1248 4117 misericordia
1266 4062 1290 4113 Τ

132 4161 324 4216 misericordia
342 4164 387 4229 (ω
406 4178 441 4215 m.
460 4165 480 4214 2
498 4159 523 4226 .9)
545 4159 569 4214 G
587 4158 799 4212 misericordiam
817 4158 845 4212 R
943 4155 1043 4208 iudicio
1064 4171 1097 4207 ex
1115 4167 1184 4208 corr.
1203 4168 1237 4206 m.
1256 4157 1287 4202 ot

130 4252 194 4308 uid.
215 4259 245 4318 1;
262 4251 319 4318 suit
337 4249 441 4304 iudioiu
459 4249 491 4303 N
547 4249 580 4303 23
601 4248 789 4301 misereturO
861 4245 965 4299 sciebat
983 4243 1097 4313 uirpula
1114 4241 1178 4296 str'lo
1198 4255 1287 4294 cerus

130 4348 197 4396 sato
217 4357 300 4408 stipor
318 4357 334 4393 a
352 4339 484 4408 impositu
503 4338 529 4391 L
600 4337 658 4408 nee]
679 4354 712 4390 ne
735 4336 758 4390 0

1202 4435 1250 4487 152*
