3092 4959
269 381 333 445 210
623 378 650 434 S.
679 377 816 431 Aureli
843 377 1062 446 Augustini

269 573 442 637 diuitias
490 572 648 655 gloriae
695 590 791 636 suae
837 571 996 636 uirtute
1043 572 1302 636 corroborari
1347 589 1409 654 per

268 680 459 760 spiritum
498 680 598 744 eius.
635 679 695 743 hse
733 683 808 742 sunt
845 677 987 755 diuitiae,
1026 678 1064 742 ds
1101 677 1219 760 quihus
1258 677 1350 742 dicit:
1386 676 1407 740 0

267 784 449 851 altitudo
483 785 739 849 diuitiarum!
779 783 903 848 abditos
936 785 1019 848 enim
1053 783 1171 848 hahent
1202 803 1329 860 causas,
1360 783 1408 846 uhi

266 892 364 956 nullis
391 891 516 957 meritis
542 890 804 974 praecedentibus
833 889 908 972 quid
937 890 1100 968 hahemus,
1129 890 1213 972 quod
1240 910 1302 955 uon
1330 909 1409 954 nore

266 999 394 1081 pimus?
414 998 526 1064 deinde
540 998 685 1081 sequitur
703 1001 744 1072 et,
761 997 837 1079 quid
852 1001 951 1080 optet,
966 997 1123 1081 adiungit:
1142 997 1185 1062 In
1203 997 1408 1071 interiore,
1434 1019 1444 1056 e

266 1101 381 1187 inq'uit,
405 1105 564 1170 homine
587 1104 777 1169 habitare
802 1104 1013 1169 Christum
1036 1123 1105 1186 per
1127 1101 1251 1168 iidem
1274 1103 1314 1167 in
1338 1121 1410 1168 eor-

268 1211 386 1276 dibus
423 1212 589 1277 uestris.
627 1211 705 1276 haee
742 1213 794 1276 est
829 1211 897 1274 uita
928 1211 1081 1289 sordium,
1116 1229 1178 1292 qua
1209 1210 1353 1275 uiuimus
1382 1211 1410 1272 in

266 1319 432 1384 saeculum
455 1318 576 1384 saeculi
598 1319 637 1383 ah
655 1318 746 1382 initio
770 1317 843 1381 fidei
864 1337 965 1399 nsque
984 1317 1136 1382 adfinem
1160 1317 1289 1399 speciei.
1314 1317 1410 1381 utin

268 1425 454 1504 caritate,
492 1425 607 1506 inquil,
643 1424 823 1489 radicati
861 1430 900 1488 et
935 1423 1097 1488 fundati
1134 1424 1410 1506 praeualentis

267 1532 610 1615 comprehendere
639 1551 725 1596 oum
755 1531 942 1596 omnibus
971 1531 1138 1595 sanetis.
1168 1532 1232 1595 ista
1259 1536 1311 1595 est
1333 1549 1445 1595 eom-o

265 1639 374 1703 munio
402 1637 569 1704 cuiusdam
593 1637 719 1702 diuinae
743 1637 955 1719 caelestisque
978 1639 1023 1701 rei
1046 1637 1210 1720 publicam
1234 1637 1309 1700 hino
1332 1643 1410 1700 satu-

265 1753 374 1810 rantur
399 1765 555 1830 pauperes
584 1764 645 1810 non
673 1763 732 1809 sua
760 1751 957 1826 quaerentes,
986 1745 1042 1810 sed
1074 1765 1155 1827 quae
1182 1746 1255 1810 Iesu
1287 1744 1411 1820 Christi,

265 1854 372 1919 idest
397 1873 459 1918 non
487 1852 655 1918 commoda
682 1852 808 1934 priuata
837 1855 996 1917 sectantes
1025 1852 1080 1917 sed
1104 1853 1137 1917 iu
1160 1870 1338 1930 commune,
1361 1851 1411 1914 uhi

266 1959 353 2024 selus
378 1960 519 2025 omnium
544 1962 602 2040 est,
627 1959 843 2034 consulentem
871 1977 945 2022 nam
969 1958 1007 2022 de
1030 1959 1101 2039 ipso
1129 1977 1221 2041 pene,
1245 1977 1308 2040 quo
1336 1958 1411 2022 tales

267 2068 456 2142 saturantur,
477 2065 614 2147 quodam
632 2067 703 2130 loeo
724 2065 890 2148 apostolus
910 2064 1004 2129 dieii:
1023 2065 1132 2130 Unus
1151 2065 1278 2146 panis,
1299 2083 1410 2129 unum
1427 2085 1447 2123 o

266 2191 414 2256 eorpus
448 2173 567 2237 multi
600 2193 747 2238 sumus.
783 2171 860 2253 quid
893 2191 966 2256 ergo
1000 2171 1284 2254 comprehendere?
1318 2189 1412 2255 quae

267 2279 331 2356 sit,
368 2279 482 2362 inquit,
519 2278 712 2357 latitudo,
747 2280 834 2344 siout
864 2279 928 2343 iam
962 2279 1035 2355 dixi,
1067 2278 1099 2343 in
1131 2279 1223 2344 bonis
1256 2279 1412 2361 operibus,

266 2386 383 2467 quibus
411 2386 626 2451 beniuolentia
653 2386 828 2469 porrigitur
854 2404 959 2468 usque
987 2386 1027 2449 ad
1057 2384 1235 2470 diligendos
1258 2386 1412 2459 inimicos

267 2495 304 2556 et
328 2492 561 2574 longitudo,
586 2497 623 2556 ut
644 2493 887 2576 longanimitate
910 2512 965 2576 pro
986 2493 1044 2557 hae
1062 2491 1232 2556 latitudine
1251 2493 1413 2556 molestiae

266 2599 449 2674 tolerentur,
470 2603 507 2662 et
527 2598 718 2675 altitudo,
739 2604 776 2662 ut
793 2618 849 2681 pro
865 2599 917 2663 his
936 2602 1099 2664 aeternum
1116 2598 1199 2681 quod
1217 2598 1249 2662 in
1270 2601 1412 2680 supernis
1428 2620 1450 2656 s·

266 2707 317 2768 est
351 2705 538 2786 praemium.
570 2723 631 2768 non
669 2723 785 2768 uanum
823 2704 942 2787 aliquid
978 2705 1152 2788 temporale
1188 2710 1343 2788 speretur,
1377 2711 1412 2766 et

265 2809 521 2890 profundum,
546 2810 627 2874 unde
652 2811 791 2895 gratuita
814 2812 915 2895 gratia
938 2811 988 2875 dei
1012 2811 1186 2876 seeundum
1206 2816 1364 2876 secretum
1383 2825 1412 2874 et

265 2916 409 2983 abditum
452 2918 626 2982 uoluntatis
668 2918 736 2982 eius
779 2919 894 2982 existit.
935 2919 980 2982 ibi
1021 2919 1103 2983 enim
1144 2918 1332 2992 radicati,
1370 2917 1412 2981 ihi

266 3023 427 3087 fundati
447 3043 568 3100 sumus,
589 3023 721 3088 radicati
741 3031 869 3106 propter
888 3025 1124 3108 agriculturam,
1145 3023 1269 3089 fundati
1286 3029 1413 3107 propter
1529 3060 1530 3119 3

266 3129 528 3197 aedificationem:
560 3149 639 3211 quae
669 3131 818 3212 quoniam
845 3151 905 3194 non
935 3135 984 3194 est
1011 3131 1049 3194 ab
1078 3130 1216 3206 homine,
1245 3129 1323 3194 dicit
1351 3132 1448 3195 alien
1529 3144 1530 3207 j

354 3355 370 3406 2
389 3355 466 3408 Rom.
487 3355 527 3420 11,
546 3355 581 3408 33
672 3353 721 3407 41
741 3352 800 3407 Cor.
820 3354 846 3415 4,
866 3355 881 3405 7
966 3355 998 3407 12
1018 3354 1089 3408 Phil.
1109 3357 1133 3422 2,
1152 3355 1200 3419 21;
1221 3355 1233 3408 l
1253 3353 1313 3410 Cor.
1336 3358 1411 3424 13‚.5

268 3445 299 3496 15
319 3443 331 3495 l
351 3441 410 3498 Cor.
432 3443 473 3510 10,
495 3445 526 3496 17

302 3568 439 3621 luirtuls
457 3583 507 3624 ons.
530 3567 700 3622 Ouirtutem
724 3566 780 3621 GT
813 3567 916 3635 dquid
936 3585 986 3621 om.
1006 3569 1039 3622 N
1089 3568 1236 3623 habeamus
1256 3573 1283 3637 (a
1301 3569 1413 3640 apli*
1529 3570 1530 3635 1

265 3658 281 3709 t
302 3654 384 3724 quod,
402 3671 469 3709 corr.
490 3655 554 3726 quid
574 3655 599 3707 L
690 3657 779 3725 optet]
800 3660 910 3726 oportet
928 3657 1053 3726 Eupippi
1070 3658 1129 3712 sod.
1154 3658 1217 3714 Vae.
1294 3661 1322 3713 in
1341 3661 1411 3713 inte-

265 3745 329 3798 riori
357 3745 447 3812 inquii
473 3745 581 3798 homins
608 3745 633 3798 G
661 3745 721 3798 edd.
746 3745 871 3814 Eupippi
894 3745 952 3798 eod.
983 3746 1057 3800 Vere.
1081 3747 1109 3799 in
1137 3747 1294 3801 interiorem
1322 3749 1412 3817 inquit

265 3834 399 3886 hominem
423 3833 512 3900 Ποῖ.
529 3837 680 3902 p.209.s
717 3833 1163 3902 inostrisGrm.2uestris)T
1199 3837 1229 3888 ll
1251 3836 1412 3902 harem

264 3921 434 3990 roprande,
455 3921 562 3975 hinrO
599 3922 632 3976 13
652 3939 706 3976 non
725 3924 959 3990 om.,m.1add.
983 3925 1006 3974 (l
1043 3925 1077 3976 14
1094 3923 1190 3978 illoT
1244 3931 1412 3994 quooml

265 4017 331 4063 orele
349 4011 463 4080 quodam
483 4027 517 4063 m.
536 4017 568 4064 sel
586 4011 643 4066 uid.
663 4015 679 4064 1
699 4011 763 4064 add.
784 4010 854 4064 unde
878 4012 903 4065 Τ
957 4014 988 4065 15
1009 4013 1086 4082 dicit]
1105 4015 1146 4067 ait
1163 4011 1222 4065 NT
1272 4015 1305 4068 17
1324 4015 1412 4083 operi·

265 4097 315 4152 hus
334 4099 412 4152 benis
431 4099 462 4152 N
552 4101 584 4153 19
603 4099 768 4153 lstitudoG
868 4102 910 4170 ut]
932 4108 960 4154 et
979 4102 1004 4153 1,
1098 4102 1293 4170 longanimiter
1310 4103 1412 4157 NT„

264 4187 299 4238 22
320 4186 401 4256 unde]
422 4192 453 4241 ut
471 4187 504 4240 do
527 4189 549 4240 0
622 4189 758 4258 gratuita*
777 4189 803 4241 L
876 4195 904 4242 et
922 4189 1044 4243 abditum
1063 4208 1114 4244 om.
1129 4191 1163 4244 N
1207 4191 1243 4244 23
1258 4193 1413 4246 exsistatO

302 4275 348 4328 uhi
360 4274 502 4330 fundatio
538 4277 572 4328 24
588 4293 679 4330 sumus
694 4277 800 4331 fundati
815 4278 876 4330 edd.
932 4280 1065 4334 culturum
1078 4280 1149 4350 (agri
1164 4282 1195 4332 in
1207 4280 1264 4346 fine
1271 4299 1299 4334 ιι.
1309 4287 1374 4336 om)
1384 4279 1414 4333 Ν
