3092 4959
258 388 324 452 308
614 385 641 439 S.
669 385 807 440 Aureli
835 385 1054 456 Augustini

257 580 395 659 uidetur,
425 581 510 664 quod
534 581 695 665 significat
722 581 903 665 persistere,
931 583 992 648 hoc
1019 584 1070 646 est
1090 581 1317 666 longanimiter
1341 601 1402 666 per·

257 708 398 765 manere;
421 689 455 754 in
474 688 643 753 altitudine
663 689 702 753 ab
721 689 792 772 ipso
816 692 999 754 transuerso
1022 689 1110 772 ligno
1134 709 1262 754 sursum
1286 709 1401 768 uersus,

258 795 345 879 quod
367 795 407 859 ad
431 799 528 877 capnt
551 795 679 875 eminet,
702 799 832 878 propter
854 795 1103 880 expectationem
1128 815 1347 880 supemornm.
1369 817 1403 862 ne

257 904 314 967 illa
341 921 437 985 opera
462 902 546 968 bona
572 905 670 985 atque
697 903 730 967 in
757 903 805 968 eis
833 904 1070 985 perseuerantia
1101 906 1229 986 propter
1259 903 1403 969 beneficia

258 1009 309 1074 doi
327 1013 453 1073 terrena
470 1027 508 1073 ac
525 1010 716 1091 temporalia
732 1010 878 1075 facienda
896 1010 1064 1075 credantur
1083 1010 1138 1075 sed
1156 1011 1265 1093 potius
1284 1015 1405 1095 propter
1428 1031 1440 1071 r

257 1115 350 1192 illud,
383 1115 467 1197 quod
500 1115 636 1200 desuper
667 1116 895 1199 sempiternum
928 1120 1034 1198 sperat
1070 1115 1179 1191 fidos,
1217 1135 1312 1200 quae
1347 1137 1405 1200 por

258 1222 507 1288 dilectionem
536 1225 733 1306 operatum
761 1223 793 1286 in
822 1221 977 1306 profundo
1006 1225 1114 1288 autem
1141 1242 1214 1305 pars
1241 1225 1300 1288 iila
1319 1223 1404 1308 ligni,

259 1329 400 1412 quaein
428 1333 529 1395 terrae
557 1328 665 1394 abdito
693 1329 793 1394 defixa
821 1330 911 1407 latet,
942 1329 999 1394 sed
1024 1328 1098 1394 inde
1127 1329 1294 1415 consurgit
1321 1349 1404 1396 omne

258 1435 350 1512 illud,
383 1435 468 1518 quod
500 1435 629 1513 eminet,
662 1436 747 1500 sicut
779 1453 815 1500 er
847 1436 975 1502 occulta
1007 1434 1058 1502 dei
1085 1437 1251 1502 uoluntate
1279 1441 1407 1502 uocatur

259 1543 355 1607 homo
392 1542 432 1607 ad
468 1542 743 1626 participationem
781 1546 888 1608 tantae
926 1543 1046 1628 gratiae
1084 1543 1183 1608 alius
1221 1543 1276 1608 sic
1314 1543 1403 1607 alius
1420 1563 1442 1600 o

261 1653 384 1714 antem
413 1650 482 1726 oic3
512 1649 802 1733 supereminentem
829 1668 904 1714 uero
928 1649 1269 1714 scientiaooaritatom
1294 1647 1404 1716 Christi

261 1777 330 1822 eam
360 1757 512 1840 profecto,
545 1755 601 1820 ubi
632 1775 701 1837 pax
732 1755 790 1820 illa
823 1760 884 1834 est,
917 1775 1011 1838 quae
1043 1755 1249 1838 praecellit
1272 1775 1403 1821 omnem

261 1863 513 1928 intellectum.
543 1862 601 1926 sed
624 1862 695 1928 siue
718 1863 779 1927 hoc
802 1861 834 1926 in
862 1861 935 1926 istis
964 1861 1151 1946 apostolicis
1180 1863 1288 1928 uerbis
1316 1863 1402 1926 etiam

260 1970 316 2034 illo
339 1969 475 2035 senserit
498 1966 704 2053 euangelicos
722 1966 906 2053 disputator
927 1969 997 2034 sino
1020 1967 1109 2034 alind
1132 1967 1253 2051 aliquid
1276 1969 1402 2035 funusne

262 2076 499 2160 congruentius,
523 2075 615 2140 uides
637 2078 743 2141 tamen
768 2076 865 2140 otiam
888 2076 959 2152 hoc,
984 2075 1016 2139 ni
1038 2075 1142 2153 fallor,
1166 2095 1184 2140 a
1207 2075 1318 2160 regula
1338 2075 1401 2140 fidei
1416 2091 1438 2136 ιε

261 2201 322 2247 non
347 2182 523 2249 abhorrere.

196 2287 238 2352 35
308 2289 398 2355 Unde
418 2292 524 2353 antem
544 2307 628 2354 nnnc
646 2287 773 2372 agimus
792 2291 921 2372 propter
940 2288 1118 2355 contuitum
1138 2289 1324 2372 spiritalem,
1339 2306 1399 2354 cun

263 2395 409 2460 dixisset:
434 2395 508 2475 ‘Qui
531 2395 694 2478 cognonit,
719 2413 814 2478 qnae
838 2395 890 2460 sit
912 2395 1082 2461 latitudo
1103 2399 1140 2460 et
1157 2395 1354 2481 longitudo
1371 2397 1401 2457 et

264 2501 429 2567 altitudo
458 2506 497 2566 et
524 2501 761 2584 profundum,
792 2504 828 2566 et
856 2503 1200 2584 snpereminentem
1231 2501 1400 2567 scientiae

264 2607 463 2672 caritatem
501 2607 657 2686 Christi,
694 2607 779 2673 uidit
810 2611 842 2672 et
880 2606 1053 2686 Christum,
1091 2608 1175 2673 uidit
1207 2613 1240 2673 et
1271 2612 1438 2692 patrentur

264 2732 303 2779 ne
339 2714 436 2778 alicui
467 2714 651 2780 tardissimo
680 2712 718 2780 de
754 2714 909 2798 corporali
946 2714 1070 2779 nisione
1107 2715 1211 2780 dicero
1242 2715 1399 2782 uideretur,

264 2825 333 2885 ‘nos
374 2820 480 2899 enim’,
520 2821 636 2903 inquit,
677 2821 752 2886 iam
789 2819 965 2886 secuudum
1003 2839 1129 2886 carnem
1167 2839 1228 2886 non
1267 2819 1399 2886 nouimus
1536 2823 1537 2898 i

266 2925 431 2992 Christum
444 2928 502 2992 sed
516 2928 691 2992 secundum
706 2927 867 3010 spiritum.
888 2928 1050 3012 spiritus
1066 2929 1149 2992 enim
1169 2931 1257 2994 ante
1280 2927 1399 2994 facien
1536 2903 1537 2970 i

355 3151 449 3205 ocor.
470 3153 531 3218 5,o
588 3152 621 3204 ro
640 3147 653 3202 1
672 3151 732 3206 cor.
752 3151 813 3218 τη
875 3153 907 3206 12
926 3151 998 3208 em.
1016 3152 1077 3216 4,r
1145 3153 1264 3219 18-2o;
1282 3149 1400 3212 ac-oos,

268 3242 280 3294 1
301 3263 335 3286 =
355 3257 381 3309 p.
401 3240 462 3303 291,
482 3239 615 3303 ao-asa,
636 3239 654 3293 4

303 3363 316 3417 1
336 3363 483 3418 uidebatur
500 3365 547 3432 (ba
564 3380 599 3417 m.
618 3367 633 3416 1
650 3368 722 3434 exp.)
740 3363 779 3417 M
847 3364 934 3434 signif
950 3364 1030 3435 (eici)
1046 3363 1072 3417 Τ
1120 3363 1137 3417 2
1156 3365 1183 3418 iu
1204 3359 1405 3420 altitudinemT

300 3453 388 3522 ligno]
407 3452 501 3506 limine
520 3453 547 3506 P
622 3469 727 3506 rursum
746 3453 781 3506 H
854 3471 971 3516 uersum,
990 3472 1025 3510 m.
1045 3457 1065 3508 2
1084 3470 1177 3508 uersus
1196 3453 1225 3506 P
1311 3453 1403 3506 ttoni

266 3559 350 3612 opera
367 3541 428 3596 edd.
483 3544 602 3613 datque
620 3543 681 3601 edd.
736 3545 834 3614 tique,
853 3561 888 3600 m.
908 3547 928 3598 2
945 3561 998 3615 qne
1017 3543 1044 3596 P
1114 3544 1251 3599 interrae
1268 3561 1319 3598 om.
1340 3537 1404 3596 TOL

301 3631 330 3684 in
348 3631 369 3698 (i
387 3646 421 3685 cx
438 3647 509 3696 rcs.,·
521 3630 619 3700 scitne
637 3648 653 3685 a
672 3629 698 3699 ἓ)
716 3632 744 3685 Α
843 3636 925 3700 terra,
944 3649 978 3686 m.
998 3635 1018 3686 2
1036 3636 1124 3686 terrac
1143 3632 1172 3685 P
1268 3625 1407 3687 abditan

267 3718 364 3788 abditi,
383 3736 418 3776 m.
438 3723 458 3773 2
476 3720 578 3774 abditis
595 3719 624 3774 P
723 3721 798 3791 inde]
817 3722 846 3775 in
865 3722 945 3776 corde
968 3719 991 3774 0
1089 3725 1245 3791 consurget,
1264 3738 1299 3776 m.
1317 3725 1336 3775 2
1353 3733 1404 3772 con·

267 3809 356 3878 surgit
373 3809 401 3861 P
470 3808 538 3862 illud
558 3826 637 3864 omne
658 3807 736 3864 TOL
792 3811 825 3864 10
844 3810 961 3880 gratiae]
980 3809 1085 3880 gratiae
1104 3810 1162 3865 eins
1181 3810 1210 3863 P
1264 3811 1295 3864 ll
1315 3805 1403 3872 entem]

267 3914 332 3950 uero
355 3896 431 3950 TOL
450 3913 499 3952 sec.
524 3899 604 3969 Volo.
697 3899 729 3954 12
748 3899 798 3952 illa
817 3903 859 3953 est
878 3914 929 3969 pax
948 3898 1009 3955 edd.
1100 3899 1133 3953 13
1153 3899 1215 3954 istis
1234 3916 1284 3955 om.
1305 3894 1403 3952 nciliis

269 4019 328 4067 cett.
348 4013 407 4067 edd.
480 4014 652 4084 apostoliscis
670 4015 742 4083 graio
760 4015 783 4082 s)
801 4013 840 4068 M
892 4015 925 4068 15
947 4017 1018 4068 'tarn
1037 4031 1107 4069 erac
1126 4015 1155 4068 P
1225 4015 1283 4070 nL
1299 4013 1347 4069 uisi
1362 4008 1384 4063 T
1385 4007 1403 4060 0

271 4105 304 4156 16
323 4102 446 4156 aberrare
465 4102 493 4156 P
533 4102 566 4156 18
585 4106 693 4172 etpost
710 4102 829 4158 latitudo
849 4119 900 4158 om.
918 4103 955 4157 Μ
993 4103 1028 4156 20
1047 4103 1123 4157 uidet
1142 4103 1169 4156 P
1228 4109 1257 4158 et
1274 4119 1322 4158 osi.
1339 4095 1402 4153 TOla

305 4190 383 4243 uidet
401 4195 429 4243 et
447 4190 520 4243 Pet
537 4189 610 4244 uidit
628 4191 711 4245 etM
753 4193 786 4244 21
807 4209 858 4246 neo
876 4191 938 4246 HF
955 4195 980 4258 (c
999 4193 1070 4260 cup.)
1088 4193 1115 4245 A
1134 4195 1158 4261 (c
1178 4197 1261 4258 eros)
1310 4189 1342 4244 22
1358 4200 1400 4241 uon

270 4277 418 4332 secundnm
436 4295 543 4332 carnem
560 4278 638 4334 POL
691 4281 849 4347 niumns,m.
865 4284 881 4334 1
896 4296 965 4334 corr.
980 4280 1168 4334 nouismnsM
1201 4281 1236 4336 23
1251 4269 1402 4350 spiritumfl
