3092 4959
541 350 805 419 epistularum
836 350 938 407 CLXV.
1250 354 1314 419 543

157 544 237 610 lum.
270 563 365 626 quem
397 547 527 609 sanctae
558 545 729 609 memoriae
757 546 938 625 Anastasio,
972 547 1122 630 episcopo
1154 547 1314 611 Romanae

158 653 324 729 ecclesiae,
349 651 446 730 dedit,
468 653 501 715 in
526 672 589 735 quo
612 653 736 717 lubrica
759 656 792 717 ct
815 652 961 729 subdola,
985 654 1084 719 immo
1115 655 1216 719 stulta
1244 672 1314 719 oon·

157 759 311 837 sessione,
348 759 425 822 dum
458 758 639 823 auditorum
673 760 873 843 simplicitati
906 760 1048 825 inludere
1082 760 1204 837 nititur,
1238 778 1315 823 suae

157 865 243 943 fidei,
263 866 361 929 immo
380 863 530 947 perfidiae
548 865 670 931 inlusit
692 884 771 947 quos
793 866 890 931 libros
906 885 976 931 reor
990 868 1136 931 sanctum
1153 870 1315 948 parentem

123 990 138 1030 a
157 975 305 1036 uestrum
329 971 445 1035 habore
470 969 648 1045 Oceanum
674 972 750 1036 olim
776 973 858 1036 onim
879 971 957 1037 editi
977 973 1190 1039 suntmultas
1210 970 1315 1038 Rufini

158 1078 233 1142 libri
255 1077 410 1142 aduersus
429 1096 488 1142 nos
507 1078 683 1142 calumnias
701 1083 899 1161 respuentes.
924 1082 1008 1143 certe
1027 1079 1125 1143 habes
1145 1079 1188 1142 ibi
1209 1079 1315 1142 uirum

158 1188 307 1250 sanctum
335 1188 368 1248 et
400 1185 559 1249 eruditum
591 1185 809 1269 Augustinum
842 1186 1037 1270 episcopum,
1072 1186 1127 1269 qui
1159 1187 1246 1261 uiua,
1279 1190 1317 1250 ut

158 1294 259 1367 aiunt,
288 1311 368 1357 uoco
396 1292 509 1357 dooere
531 1294 564 1357 te
587 1293 705 1376 poterit
728 1296 761 1357 at
784 1313 886 1371 suam,
915 1294 1013 1357 immo
1037 1312 1094 1376 per
1117 1311 1151 1357 se
1175 1294 1315 1357 nostram

159 1401 315 1483 explicare
340 1400 540 1465 sententium.

1 1514 77 1578 112
108 1528 138 1567 ιο
206 1507 383 1571 llaechialis
411 1508 563 1573 uolumen
593 1509 669 1572 olim
699 1508 830 1591 adgredi
853 1509 943 1573 uolui
968 1512 1000 1572 et
1024 1508 1228 1591 sponsionem
1252 1525 1316 1571 cre-

158 1614 329 1678 berrimam
358 1614 513 1679 studiosis
545 1614 721 1679 lectoribus
752 1615 894 1691 reddare,
929 1615 985 1679 sed
1013 1615 1044 1679 in
1072 1615 1142 1699 ipso
1177 1613 1317 1679 dictandi

159 1720 287 1786 exordio
302 1721 349 1785 ita
363 1721 489 1787 animus
507 1741 599 1785 meus
618 1722 864 1786 occidentalium
884 1722 1119 1804 prouinciarum
1135 1725 1168 1785 ot
1181 1720 1316 1785 maximo

159 1828 250 1893 urbis
279 1828 399 1893 Romae
426 1828 607 1893 uastatione
635 1828 787 1893 confusus
817 1834 876 1905 est,
906 1833 943 1891 ut
969 1828 1057 1893 iuxta
1083 1828 1217 1912 uulgare
1244 1845 1314 1909 pro·

160 1935 308 1999 uerbium
327 1935 491 2018 proprium
511 1953 637 2017 quoque
657 1936 834 2018 ignorarem
857 1936 1062 2013 uocabulum,
1087 1934 1205 2016 diuque
1229 1933 1315 1997 tacui

110 2061 140 2102 ra
162 2042 268 2106 sciens
292 2044 442 2123 tompus
466 2060 537 2105 esse
560 2041 810 2105 lacrimarum.
835 2040 894 2106 hoo
915 2045 1020 2106 autem
1041 2059 1132 2117 anno,
1158 2059 1231 2104 cum
1250 2043 1315 2103 tres

160 2148 371 2230 explicassem
402 2148 514 2223 libros,
548 2148 677 2213 subitus
708 2149 849 2231 impetus
882 2148 1097 2225 barbarorum,
1131 2148 1168 2212 do
1198 2147 1315 2229 quibus

158 2259 239 2319 tuus
273 2255 351 2318 dicit
383 2254 559 2337 Vergilius:
597 2255 747 2337 ‘Latoquo
779 2259 935 2338 uagantes
967 2255 1109 2319 Barcaei'
1142 2258 1174 2318 et
1207 2258 1317 2319 sancta

161 2363 322 2445 scriptura
355 2361 393 2425 de
424 2362 578 2426 Ismahel:
617 2360 757 2427 Contra
789 2363 924 2427 faciem
958 2363 1121 2427 omnium
1153 2362 1313 2426 fratrum

255 2624 289 2677 15
306 2623 396 2677 Ecole.
416 2625 441 2689 3,
460 2624 478 2675 4
535 2624 567 2676 17
586 2622 668 2692 Verg.
688 2624 756 2676 Aen.
775 2622 814 2675 IV
832 2623 940 2677 42-43
997 2624 1029 2677 18
1050 2622 1116 2678 Gen.
1139 2624 1179 2692 16,
1201 2624 1233 2675 12

202 2749 213 2801 1
235 2755 297 2820 sada
316 2752 344 2817 (a
362 2753 432 2817 exp)
450 2747 488 2801 Μ
593 2764 704 2801 romana
722 2747 756 2800 K
771 2752 816 2813 (ou.
836 2751 856 2800 2
873 2752 1011 2812 romanae)
1031 2747 1062 2801 F
1077 2750 1121 2815 (m.
1141 2752 1160 2801 3
1178 2759 1315 2813 romanae)

160 2838 179 2891 2
204 2836 293 2891 edidit
314 2836 428 2891 PKVR
555 2835 825 2890 confessione-fidei
848 2854 909 2905 om,
932 2838 964 2890 in
986 2854 1072 2905 marp.
1095 2854 1130 2890 m.
1153 2840 1169 2890 1
1192 2836 1257 2889 add.
1281 2836 1318 2889 M

160 2928 179 2981 3
198 2926 361 2985 adiutorum.
380 2942 415 2979 m.
437 2928 456 2978 2
475 2925 628 2978 auditorum
647 2924 685 2977 Μ
795 2926 974 2994 simplicitati,
993 2944 1028 2978 sn.
1049 2930 1068 2979 2
1086 2925 1262 2994 simplicitate
1282 2924 1316 2977 Μ

159 3014 312 3085 4ροι1ἰάοἰ
329 3014 361 3068 F
429 3031 490 3067 reor
507 3016 539 3067 in
551 3014 611 3083 fine
625 3030 691 3083 pap.
712 3030 763 3070 om.
784 3012 814 3067 F
893 3015 1053 3067 inhabitare
1073 3014 1099 3066 A
1173 3030 1316 3066 occeanum

160 3111 189 3169 (s
207 3102 311 3169 (ΓΜ)
328 3101 356 3156 R
439 3102 513 3155 edita
531 3103 568 3155 P¹
650 3102 745 3155 rnultis
763 3101 823 3155 PK
829 3100 1009 3155 VMFAP²G
1027 3102 1087 3155 edd.
1174 3101 1268 3153 rufinis
1293 3099 1319 3151 V

160 3196 179 3247 6
197 3192 276 3245 libris
295 3190 445 3245 PKVMR
464 3192 488 3259 (s
508 3194 588 3259 eruo.)
607 3190 690 3244 FAG
710 3191 772 3245 edd.
883 3188 1020 3251 aduersus,
1040 3206 1074 3243 m.
1094 3194 1114 3243 2
1131 3190 1249 3257 ereprad
1268 3188 1316 3241 ad-

158 3298 255 3336 uersas
274 3280 307 3333 K
322 3279 452 3334 aduersas
470 3280 498 3335 R
516 3281 661 3334 aduersum
679 3280 744 3334 MG
817 3298 866 3333 nos
885 3296 935 3335 om.
955 3278 1015 3333 PK
1019 3279 1069 3334 VR
1088 3280 1148 3333 cdd.
1204 3294 1315 3346 respon·

160 3370 260 3424 dentes
279 3369 340 3423 edd.
396 3370 464 3423 'lut
481 3371 562 3422 aiunt
579 3386 640 3429 om..
660 3370 692 3422 tn
708 3386 796 3438 morp.
816 3368 970 3424 m.1cdd.
993 3368 1019 3422 G
1070 3369 1153 3437 Sper
1174 3383 1202 3420 se
1222 3382 1273 3421 om,
1291 3366 1317 3419 G

160 3460 198 3514 10
217 3459 375 3520 enachides,
393 3476 429 3512 m.
448 3463 464 3513 1
482 3456 519 3527 (?)
538 3474 608 3513 corr.
627 3458 770 3512 ezechielis
785 3458 816 3512 F
867 3458 959 3516 uolirn.
978 3458 1026 3511 sed
1045 3475 1061 3509 u
1081 3461 1125 3526 (m.
1140 3456 1196 3521 11)
1217 3456 1268 3510 del.
1284 3454 1318 3507 M

199 3548 290 3602 uoluit
307 3548 343 3601 1²¹
437 3550 582 3619 sponsione
602 3548 765 3603 creberrima
787 3547 813 3601 G
905 3548 1107 3601 erebrerrimaur
1134 3545 1193 3600 VM
1211 3546 1316 3599 creber·

157 3639 258 3693 rimam
278 3640 384 3707 (rimam
402 3640 435 3692 ιἰι
451 3655 508 3693 rua.
528 3655 562 3691 m.
581 3645 614 3691 ut
631 3638 690 3693 uid.
710 3640 735 3704 1)
754 3638 784 3692 F
834 3640 864 3691 11
886 3638 1034 3701 studiosus,
1053 3652 1123 3691 eoru.
1144 3634 1275 3689 studiosis
1295 3633 1321 3685 V

160 3728 199 3783 12
216 3729 349 3781 maximae
367 3724 471 3781 MAP²
544 3729 576 3781 13
595 3729 750 3781 uectatione
770 3742 831 3781 cum
849 3743 905 3781 rus.
924 3743 1006 3794 uesper
1025 3744 1039 3779 e
1059 3725 1096 3779 M
1179 3724 1317 3780 confusus,

158 3819 197 3872 ia
213 3816 635 3886 marq.or.11confossnsM
714 3815 877 3887 prouerbum
897 3817 924 3869 P
996 3817 1029 3867 14
1047 3815 1173 3882 ignorare
1197 3814 1317 3883 Vigna-

160 3922 220 3961 rem
239 3906 271 3960 F
358 3906 391 3959 16
411 3906 595 3969 barbarorum,
613 3906 663 3960 aad
680 3922 755 3960 orum
773 3906 805 3959 ιἰι
824 3922 882 3959 rao.
901 3911 946 3971 (m.
964 3903 1024 3971 N)
1046 3904 1072 3958 G
1164 3904 1196 3957 17
1216 3902 1272 3955 tuis
1292 3902 1318 3954 P

201 3995 342 4063 uergilius‚
360 4010 395 4046 ιιι.
416 3997 436 4046 2
452 3993 579 4061 uirgilius
597 3991 632 4045 K
646 3994 772 4062 uirgilins
791 3991 1017 4049 MRFAP¹P²G
1039 4008 1116 4045 arno
1195 3988 1315 4058 lateque]

158 4084 246 4151 longe
265 4081 376 4151 lateque
394 4078 434 4133 P²
524 4081 650 4135 barchaei
669 4080 702 4133 K
706 4078 759 4133 VF
773 4080 885 4136 barchei
903 4080 1061 4137 MRAP²G
1080 4079 1190 4133 brechei
1209 4078 1236 4131 P
1254 4079 1316 4131 bac-

160 4170 245 4226 chaei
262 4169 300 4223 P¹
396 4186 472 4223 sacra
489 4170 527 4224 M
543 4179 638 4224 sancta
656 4170 753 4238 inquid
771 4168 812 4223 Ρ2
903 4171 936 4225 18
955 4172 1068 4224 fratrum
1089 4176 1196 4222 tuorum
1216 4164 1319 4220 MFP²

158 4260 336 4316 inimicorum
354 4266 462 4313 tuorum
484 4260 511 4313 G
