3092 4959
501 378 766 447 epistularum
797 376 938 431 CLXXIX.
1232 381 1298 443 693

141 575 331 639 debeamus:
353 574 407 638 Ne
431 593 502 638 nos
526 574 682 637 inieras
705 574 743 637 in
762 574 1084 655 temptationem,
1109 572 1176 637 sine
1200 591 1298 637 causa

142 682 241 747 etiam
265 682 412 747 dominus
433 680 577 763 apostolo
597 680 692 743 Petro
717 680 835 745 dixisse
858 680 1023 743 uideatur:
1048 679 1202 763 Rogaui
1227 697 1298 761 pro

140 794 192 866 te,
227 808 273 855 ne
303 787 477 852 deficiat
504 787 612 851 fides
641 789 721 852 tua.
755 786 783 849 si
811 786 871 850 hoc
899 790 1004 851 totum
1033 786 1064 850 in
1094 786 1184 851 nobis
1209 786 1298 849 nullo

142 898 260 961 auxilio
284 896 336 960 dei
359 895 415 960 sed
439 897 599 978 potestate
623 893 800 957 uoluntatis
825 892 997 975 impletur?

46 1003 67 1061 4
106 1025 120 1065 s
188 1002 249 1067 His
277 1004 388 1084 itaque
419 999 689 1083 disputationibus
717 1000 876 1083 peruersis
907 1003 938 1063 et
966 1001 1074 1082 impiis
1102 1019 1162 1066 non
1193 1000 1298 1064 solum

142 1109 372 1174 contradicitur
402 1107 599 1171 orationibus
626 1105 757 1183 nostris,
792 1106 908 1189 quibus
938 1125 955 1169 a
987 1106 1114 1171 domino
1147 1108 1298 1190 petimus,

142 1216 297 1299 quicquid
326 1217 452 1279 sanctos
482 1213 602 1297 petisse
633 1212 773 1297 legimus
803 1217 835 1276 et
866 1214 1023 1291 tenemus,
1056 1232 1169 1278 uerum
1202 1213 1298 1278 etiam

140 1321 416 1387 benedictionibus
459 1320 577 1385 nostris
619 1320 789 1398 resistitur,
838 1320 961 1402 quando
1005 1338 1100 1403 super
1142 1321 1296 1403 populum

143 1430 282 1494 dicimus
312 1430 458 1511 optantes
487 1426 533 1491 eis
563 1430 595 1490 et
622 1430 791 1509 poscentes
821 1446 839 1489 a
867 1426 1004 1503 domino,
1033 1430 1070 1490 ut
1098 1443 1152 1490 eos
1182 1427 1297 1490 abun-

93 1560 123 1600 ιο
144 1536 240 1599 dare
264 1535 394 1598 faciat
416 1533 454 1596 in
486 1532 664 1597 caritate
689 1533 864 1596 inuicem
891 1536 929 1596 et
953 1534 990 1596 in
1016 1552 1151 1598 omnes
1177 1536 1208 1596 et
1232 1532 1299 1596 dat

143 1643 191 1706 eis
207 1640 429 1705 secundum
445 1640 621 1703 diuitias
642 1640 801 1721 gloriae
822 1658 916 1703 suae
935 1640 1094 1703 uirtute
1115 1639 1296 1703 corrobo-

142 1749 227 1811 rari
249 1767 318 1830 per
347 1746 541 1830 spiritum
566 1746 654 1810 eius
679 1750 712 1810 et
734 1746 908 1827 impleat
935 1765 989 1811 eos
1020 1746 1123 1809 omni
1148 1746 1297 1830 gaudio

144 1860 186 1919 et
213 1874 310 1937 pace
339 1853 375 1918 in
405 1853 606 1919 credendo
636 1856 669 1918 et
696 1853 856 1919 abundent
883 1854 921 1918 in
952 1872 1022 1937 spe
1046 1859 1085 1917 et
1109 1854 1298 1935 potentia

145 1962 324 2044 spiritus
354 1962 497 2025 sancti.
527 1965 564 2024 ut
588 1960 665 2042 quid
688 1962 734 2024 eis
759 1961 821 2024 ista
844 1960 995 2042 petimus,
1025 1979 1105 2042 quae
1129 1959 1256 2041 populis
1281 1980 1300 2023 a

95 2092 124 2132 rs
145 2069 274 2133 domino
306 2069 426 2151 petisse
459 2068 640 2151 apostolum
677 2067 838 2144 nouimus,
877 2066 903 2130 si
940 2067 1003 2131 iam
1041 2070 1154 2131 natura
1190 2069 1299 2131 nostra
1337 2077 1339 2081 ’

146 2179 253 2240 ereata
277 2196 350 2241 cum
378 2175 479 2239 libero
504 2174 633 2238 arbitrio
658 2174 763 2237 omnia
787 2174 864 2237 haec
889 2174 951 2238 sibi
973 2176 1081 2257 potest
1105 2194 1164 2237 sua
1186 2174 1299 2237 uolun-

145 2286 214 2346 tate
247 2285 429 2364 praestare?
466 2284 503 2346 ut
540 2281 617 2363 quid
656 2282 752 2345 etiam
787 2280 864 2345 dicit
895 2281 980 2345 idem
1013 2282 1082 2365 ipse
1116 2281 1296 2363 apostolus:

146 2387 363 2471 Quotquot
390 2388 495 2452 enim
522 2388 677 2470 spiritu
707 2388 769 2451 dei
801 2390 988 2470 aguntur,
1023 2388 1061 2450 hi
1084 2388 1172 2451 filii
1203 2390 1300 2452 sunt

146 2494 222 2567 dei,
255 2495 282 2557 si
316 2494 429 2577 spiritu
461 2500 592 2558 naturae
629 2498 755 2558 nostrae
789 2495 922 2579 agimur.
961 2498 997 2558 ut
1034 2494 1209 2558 efficiamur
1240 2494 1297 2558 filii

96 2626 126 2666 ao
146 2602 220 2665 dei?
245 2606 283 2665 ut
307 2601 383 2683 quid
403 2600 481 2665 dicit
500 2600 663 2664 similiter:
683 2602 866 2683 Spiritus
887 2602 1057 2665 adiuuat
1080 2600 1297 2664 infirmita-

145 2715 227 2772 tem
255 2713 444 2783 nostram,
478 2709 506 2772 si
534 2713 646 2773 natura
674 2711 783 2772 nostra
811 2709 857 2773 sio
886 2710 1078 2773 creataest.
1113 2710 1149 2770 ut
1182 2706 1297 2789 spiritu

145 2815 188 2880 ad
217 2835 311 2899 opera
341 2815 485 2879 iustitiae
514 2834 574 2878 non
602 2814 746 2897 indigeat
773 2814 940 2879 adiuuari?
972 2818 1010 2879 ut
1037 2813 1114 2895 quid
1142 2814 1297 2895 scriptum

147 2929 212 2987 est:
249 2922 409 2986 Fidelis
448 2927 580 2986 autem
620 2922 727 2998 deus,
766 2921 835 3003 qui
869 2940 940 2985 non
976 2922 1192 3003 permittet
1224 2940 1298 2985 uos

145 3030 343 3112 temptari
368 3046 489 3109 super
516 3028 564 3100 id,
595 3027 699 3109 quod
728 3026 921 3109 potestis,
952 3028 1022 3092 sed
1051 3028 1179 3091 saciet
1212 3046 1296 3090 cum

96 3135 424 3218 satemptatione
455 3134 577 3197 etiam
607 3133 769 3208 exitum,
800 3136 844 3196 ut
871 3134 1049 3216 possitis
1074 3133 1297 3209 sustinere,

146 3243 175 3307 si
200 3244 263 3306 iam
286 3243 332 3304 ita
360 3241 477 3305 conditi
508 3260 631 3317 sumus,
659 3244 697 3304 ut
720 3240 843 3304 uiribus
867 3241 960 3304 liberi
985 3240 1105 3304 arbitrii
1131 3240 1297 3304 uniuersas

145 3348 373 3430 temptationes
398 3348 584 3413 sustinendo
610 3366 759 3429 superare
783 3348 967 3431 possimus?

49 3468 70 3527 5
193 3454 277 3533 Quid
309 3456 454 3537 pluribus
488 3474 581 3538 agenr
620 3453 704 3537 apud
742 3456 944 3519 sanctitatem
984 3460 1134 3530 uestram,
1172 3454 1297 3537 quando

147 3563 276 3647 quidem
305 3581 356 3625 me
390 3581 555 3626 onerosum
590 3561 703 3641 sentio,
736 3562 872 3627 maxime
901 3563 975 3643 qaia
1007 3582 1062 3644 per·
1094 3562 1298 3643 interpretem

97 3694 127 3734 so
146 3668 239 3733 audis
263 3670 386 3732 litteras
417 3672 524 3731 meas?
554 3668 580 3733 si
610 3668 745 3753 diligitis
770 3669 948 3751 Pelagium,
979 3669 1092 3752 diligat
1120 3687 1178 3732 uos
1202 3668 1297 3731 etiam

239 3878 252 3930 l
272 3877 372 3930 Matth.
391 3878 416 3944 6,
436 3878 482 3936 13;
502 3878 566 3931 Luc.
587 3880 628 3945 11,
646 3880 664 3931 4
741 3882 758 3931 2
779 3878 841 3932 Luc.
861 3880 904 3935 22.
925 3880 959 3933 32
1038 3878 1053 3929 9
1073 3878 1086 3930 Ι
1105 3876 1198 3931 Thess.
1218 3880 1243 3939 3,
1265 3876 1297 3928 12

147 3967 182 4020 10
201 3966 271 4035 Epa.
292 3968 320 4031 3,
340 3968 372 4020 16
447 3968 479 4019 12
499 3967 576 4019 Rom.
597 3968 639 4030 15,
659 3969 692 4020 13
768 3968 800 4020 18
819 3966 896 4021 Rom.
916 3968 941 4029 8,
964 3968 995 4019 14
1069 3966 1103 4019 20
1123 3966 1198 4018 Rom.
1219 3968 1244 4027 8,
1263 3966 1297 4017 26

145 4054 214 4110 231
234 4055 295 4110 Cor.
315 4055 358 4109 10.
381 4055 412 4107 13

182 4179 408 4232 dnostrisercs.
432 4178 458 4232 U
511 4180 527 4231 7
546 4178 703 4247 petiissem
755 4182 785 4233 il
807 4182 936 4234 uirtutem
963 4180 1013 4235 Vc
1033 4182 1089 4235 lar
1139 4181 1172 4234 13
1192 4184 1219 4232 et
1234 4184 1298 4231 anic

146 4266 308 4321 habundant
326 4284 396 4321 aras.
422 4267 449 4321 U
501 4269 534 4321 15
553 4268 666 4337 petiisse
685 4286 712 4321 m
765 4271 955 4338 aspernatis
979 4270 1006 4323 U
