3092 4959
567 332 832 401 epistularum
861 333 928 389 CLI.
1263 343 1329 407 389

171 524 202 586 in
219 543 255 587 eo
271 528 474 609 contemptus
494 548 600 593 rerum
619 530 847 611 praesentium,
867 534 986 613 quanta
1000 550 1074 615 spes
1089 535 1122 597 et
1136 532 1329 599 desiderium

171 630 325 697 bonorum
340 635 554 699 aeternorum!
570 656 608 701 ne
622 636 743 701 relictis
759 637 906 702 omnibns
923 638 1140 704 saecularibus
1151 640 1330 707 actionibus

171 738 348 819 susciperet
367 740 530 823 cingulum
549 742 684 807 miiitiae
701 742 910 822 Christianae,
926 744 1092 809 uinculum
1105 747 1332 830 praepediebat

169 845 324 923 uxorium,
359 866 421 929 quo
448 847 510 911 iam
544 848 716 941 innodatus
749 853 897 932 coeperat
929 850 1154 934 concupiscere
1185 852 1329 939 meliora,

138 952 293 1032 equando
317 953 382 1017 iam
406 973 467 1018 non
491 954 610 1020 licebat
632 955 689 1020 iila
713 957 861 1039 quamuis
884 957 1035 1021 inferiora
1059 957 1266 1041 disrumpere.

99 1050 119 1110 9
214 1056 359 1137 Quodam
385 1059 436 1124 die
460 1060 557 1125 frater
580 1061 660 1137 eius,
689 1081 763 1127 cum
786 1064 850 1126 iam
874 1062 993 1146 pariter
1014 1064 1048 1128 in
1072 1064 1219 1130 custodia
1243 1069 1329 1131 tene-

167 1168 285 1241 rentur,
315 1166 360 1229 eit
388 1165 450 1230 ilii:
479 1166 525 1231 ‘Si
554 1186 612 1252 ege
641 1168 720 1233 haec
748 1188 805 1251 pro
832 1169 956 1233 meritis
988 1170 1093 1252 patior
1124 1173 1328 1253 peccatorum

167 1290 321 1352 meorum,
350 1276 397 1351 tu,
427 1275 519 1337 cuius
548 1274 649 1339 uitam
678 1274 829 1340 nouimus
856 1278 924 1339 tam
953 1279 1074 1341 attente
1102 1276 1326 1360 feruenterque

169 1378 392 1457 Christianam,
422 1382 539 1463 quibus
567 1382 661 1447 maiis
690 1381 815 1446 meritis
845 1382 885 1446 ad
908 1382 972 1448 ista
1000 1383 1175 1466 perductus
1201 1388 1269 1448 es?'
1295 1388 1329 1448 at

121 1504 147 1541 10
166 1485 236 1551 ille:
274 1486 484 1566 ‘Paruumne’‚
522 1488 637 1571 inquit,
674 1489 763 1553 ‘mihi
801 1488 966 1553 existimas
1004 1489 1137 1553 conferri
1170 1489 1326 1555 diuinitus

167 1592 366 1672 beneficium,
405 1594 434 1660 si
464 1599 571 1659 temen
604 1596 665 1661 hoc
697 1596 921 1660 testimonium
959 1600 1051 1660 tuum
1084 1595 1122 1659 de
1154 1596 1224 1660 uita
1255 1616 1326 1661 mea

165 1718 279 1763 uerum
304 1703 363 1779 est,
389 1706 425 1764 ut
447 1702 518 1778 hoc,
544 1701 629 1784 quod
654 1702 766 1783 patior,
792 1702 889 1766 etiam
911 1702 938 1766 si
957 1721 1059 1783 usqne
1079 1701 1119 1766 ad
1138 1702 1326 1767 effusionem

166 1806 330 1889 sanguinis
356 1807 467 1889 patiar,
491 1807 537 1871 ibi
560 1826 631 1871 mea
654 1811 787 1890 peccata
809 1807 980 1890 puniantur
1002 1828 1060 1872 nec
1083 1808 1163 1872 mihi
1182 1808 1221 1871 ad
1240 1808 1324 1873 futu-

165 1933 236 1976 mm
256 1912 410 1977 iudicium
430 1915 666 1978 reseruenturi‘
689 1914 741 1978 hic
764 1914 846 1978 forte
866 1914 984 1996 aliquis
1005 1914 1112 1978 credat
1132 1933 1204 1978 eum
1224 1914 1326 1979 fuisse

119 2038 146 2078 rs
166 2020 228 2084 sibi
252 2021 415 2085 conscium
440 2020 621 2101 aliquorum
645 2022 845 2085 occultorum
873 2019 1081 2102 inpudicitiae
1110 2024 1325 2102 peccatorum.

164 2127 270 2191 dicam
294 2146 379 2211 ergo,
408 2126 485 2211 quid
512 2147 563 2191 me
592 2126 740 2191 dominus
769 2127 848 2191 dens
877 2126 917 2190 ad
940 2145 1090 2211 magnam
1119 2146 1223 2190 meam
1252 2145 1325 2191 con-

164 2234 355 2299 solationem
380 2254 416 2297 ex
440 2234 509 2297 eius
535 2252 587 2298 ore
612 2232 721 2296 audire
742 2237 774 2297 et
792 2233 886 2316 plane
911 2234 992 2297 scire
1018 2233 1167 2298 noluerit.
1192 2253 1263 2297 cum
1285 2231 1325 2296 de

164 2340 225 2404 hoc
248 2340 329 2422 ipso,
355 2343 392 2404 ut
415 2343 490 2405 sunt
512 2340 659 2416 humana,
690 2338 850 2405 sollicitus
875 2340 964 2404 solus
993 2358 1065 2403 cum
1095 2340 1163 2404 solo
1192 2358 1319 2422 agerem

161 2446 281 2510 iamin
306 2446 415 2512 eadem
439 2446 586 2511 custodia
609 2446 793 2521 constituto,
813 2466 853 2510 ne
874 2446 949 2528 quid
974 2449 1069 2523 esset,
1093 2444 1178 2509 unde
1200 2446 1320 2509 maiore

114 2575 141 2611 20
162 2557 195 2617 et
221 2554 396 2638 insigniore
424 2552 617 2635 paenitentia
646 2551 740 2616 deum
769 2552 832 2616 sibi
862 2552 987 2635 placare
1016 2552 1155 2627 deberet,
1188 2551 1254 2627 ille,
1282 2555 1320 2615 ut

162 2662 231 2723 erat
259 2658 466 2723 uerecundiae
500 2658 683 2743 singularis,
718 2677 791 2722 cum
824 2659 927 2742 ipsam
959 2657 1037 2722 licet
1067 2658 1181 2722 falsam
1213 2676 1318 2720 meam

161 2764 375 2848 suspicionem
392 2764 603 2843 erubesceret,
619 2764 675 2828 sed
690 2763 937 2829 admonitionem
952 2764 1135 2847 gratissime
1150 2764 1317 2844 acciperet,

160 2871 306 2935 modeste
325 2872 528 2955 grauitasque
548 2870 715 2935 subridens
732 2875 763 2934 et
777 2874 912 2953 utraque
930 2890 1026 2935 manu
1038 2890 1143 2935 meam
1158 2869 1317 2933 dexteram

160 2978 415 3059 adprehendens:
448 2978 592 3057 ‘Testor‘‚
625 2977 738 3058 inquit,
771 2979 990 3057 sacramenta,
1028 2992 1108 3058 quae
1145 2995 1201 3058 per
1236 2974 1318 3039 hano

111 3108 139 3149 rs
159 3084 336 3148 odemntur
349 3103 490 3161 menum,
501 3103 551 3147 me
567 3083 691 3147 nullum
707 3087 871 3165 expertum
887 3102 958 3147 esse
973 3082 1179 3147 concubitum
1193 3084 1317 3164 praeter

158 3209 288 3255 uxorem
312 3209 369 3255 nec
393 3194 465 3255 ante
488 3208 545 3255 nee
568 3195 701 3271 postea‘.

63 3294 109 3356 10
206 3296 291 3376 Quid
309 3316 383 3381 ergo
402 3297 477 3361 huic
491 3297 522 3360 in
537 3301 640 3361 morte
659 3297 776 3362 accidit
794 3296 871 3360 mali
886 3314 922 3359 ae
938 3315 999 3360 non
1020 3295 1128 3378 potius
1141 3293 1314 3377 plurimum

156 3404 245 3481 boui,
274 3422 346 3467 cum
370 3404 448 3469 haec
476 3404 597 3467 habens
627 3402 709 3468 dona
733 3403 772 3467 ad
798 3402 972 3481 Christum,
1002 3401 1070 3466 sine
1094 3420 1156 3484 quo
1180 3400 1317 3465 inaniter

156 3509 325 3586 habentur,
351 3529 386 3573 ex
410 3510 469 3574 hac
492 3509 561 3574 uita
583 3510 749 3593 migrarit?
775 3528 855 3592 quae
879 3508 963 3591 apud
982 3510 1014 3572 te
1037 3527 1099 3573 non
1124 3526 1315 3572 commemo-

196 3790 374 3841 lcoutentus
398 3787 424 3841 V
493 3789 649 3843 8meorum
669 3804 728 3857 oua,
747 3789 779 3841 ia
798 3804 884 3857 neore.
905 3787 971 3844 add.
995 3787 1022 3842 U
1092 3786 1268 3855 fruenterque
1288 3785 1317 3838 P

155 3876 367 3945 frequenterque
391 3874 447 3929 VU
463 3877 520 3931 lar
585 3878 618 3931 10
638 3894 769 3947 parumne
789 3876 867 3931 codd.
888 3877 923 3930 ir
993 3876 1026 3930 13
1045 3879 1159 3945 peccata
1176 3892 1238 3928 mea
1261 3872 1316 3928 VU

156 3965 219 4019 edd.
269 3965 303 4019 22
322 3965 457 4036 reciperet
475 3964 501 4017 U
553 3968 587 4020 25
608 3966 758 4019 afferuntur
777 3965 833 4019 VU
849 3965 909 4020 edd.
930 3968 967 4034 (m
985 3965 1018 4019 in
1035 3982 1138 4033 morp:
1156 3964 1174 4016 f.
1195 3963 1313 4017 offerun-

155 4056 212 4123 tur)
299 4070 358 4108 essa
377 4058 515 4123 expertum
540 4054 594 4107 VU
612 4054 673 4108 edd.
764 4056 798 4107 27
819 4053 1136 4121 hnioom.,m.1add⁴
1157 4053 1184 4105 P
1269 4054 1311 4120 ac]

154 4144 208 4198 hae
226 4142 254 4196 P
324 4144 359 4197 28
380 4142 414 4197 ad
433 4143 582 4211 Christum]
604 4130 701 4213 arpm
720 4143 747 4197 P
825 4144 860 4195 29
880 4160 911 4195 ex
929 4144 981 4197 heo
1000 4144 1058 4214 uite
1076 4142 1209 4210 magrarit
1228 4143 1314 4205 (aaa)

153 4232 293 4303 migrarit)
314 4232 341 4286 P
