3092 4959
473 385 741 458 epistularum
770 385 917 442 CXLVIII.
1206 391 1272 456 343

117 583 217 648 aifatu
239 601 298 647 nec
327 582 463 648 sentitur
488 581 638 648 incessu’.
666 583 783 666 quibus
812 582 918 648 uerbis
946 582 1059 648 beatus
1083 582 1273 648 Ambrosius

115 690 225 756 uoluit
246 689 425 770 admonere,
448 689 523 772 quid
547 690 684 756 debeant
705 689 852 755 homines
874 709 1071 773 praeparare,
1100 692 1154 774 qui
1179 691 1271 756 deum

116 797 232 861 uolunt
263 796 384 874 uidere,
415 795 477 861 hoc
508 800 559 860 est
590 813 645 862 cor
675 795 830 860 mundare
857 815 915 878 per
945 795 1051 874 fidem,
1084 815 1178 878 quae
1209 815 1274 881 per

116 902 365 969 dilectionem
399 906 585 986 operatur,
618 902 700 968 dono
733 901 868 986 spiritus
898 903 1011 978 sancti,
1045 902 1128 968 unde
1156 903 1273 987 pignus

83 1009 312 1093 occoepimus,
336 1028 399 1093 quo
421 1010 511 1074 illam
533 1008 694 1074 uisionem
717 1009 895 1074 desiderare
918 1009 1115 1075 nouerimus.

0 1121 1 1130 ’
29 1111 69 1174 13
162 1117 247 1182 Num
270 1116 309 1181 de
332 1117 484 1182 membris
507 1115 569 1195 dei,
598 1135 679 1198 quae
702 1116 831 1182 assidue
857 1117 1014 1200 scripture
1037 1119 1275 1194 commemorat,

116 1223 352 1306 nequisquam
379 1222 556 1289 secundum
583 1223 687 1289 caruis
713 1224 811 1289 huius
839 1224 975 1290 formam
999 1227 1032 1290 et
1054 1223 1189 1308 figurem
1217 1244 1275 1292 333

116 1349 190 1396 3333
218 1331 362 1396 crederet
387 1331 510 1396 similes
538 1331 609 1408 deo,
638 1333 806 1415 propterea
833 1330 943 1396 eudem
971 1333 1130 1415 scripture
1152 1335 1185 1398 et
1208 1331 1276 1398 3133

116 1437 234 1502 habere
258 1436 355 1502 deum
378 1437 468 1514 dixit,
491 1456 571 1520 quus
594 1456 652 1502 nos
675 1438 789 1519 utique
807 1456 868 1502 non
892 1437 1057 1502 habemus.
1080 1437 1166 1502 sicut
1188 1456 1275 1522 ergo,

69 1562 98 1604 no
117 1544 185 1609 3133
218 1562 293 1610 cum
325 1543 486 1622 audimus,
517 1543 749 1626 protectionem
780 1543 1014 1628 intellegimus,
1047 1544 1094 1609 sic
1127 1549 1169 1623 et,
1202 1563 1275 1609 cum

117 1651 269 1716 audimus
300 1668 424 1727 manus,
462 1650 678 1732 operationem
715 1651 903 1734 intellegere
940 1651 1094 1716 debemus
1127 1654 1170 1729 et,
1204 1667 1276 1716 curu

116 1758 269 1824 audimus
304 1757 414 1840 pedes,
449 1757 736 1840 praesentationem
769 1763 812 1836 et,
849 1777 922 1823 cum
965 1757 1115 1824 audimus
1157 1759 1278 1838 oculos,

116 1863 288 1942 nisionem,
317 1881 381 1945 qua
407 1863 582 1947 cognoscit,
612 1867 654 1942 et,
684 1882 758 1929 cum
787 1863 936 1929 audimus
964 1863 1089 1944 faciem,
1117 1864 1276 1942 notitiam,

118 1989 184 2053 qna
215 1969 402 2045 innotescit;
436 1973 469 2034 et
497 1969 524 2034 si
554 1969 632 2051 quid
660 1969 748 2034 uliud
777 1969 887 2034 eadem
916 1971 1075 2053 scriptura
1100 1971 1165 2035 tale
1194 1988 1278 2035 com·

69 2095 97 2137 r'·
116 2079 287 2152 memorat,
300 2079 380 2160 puto
399 2075 587 2159 spiritaliter
603 2075 856 2160 intellegendum
873 2095 976 2159 nsque
995 2077 1055 2142 hoc
1074 2091 1133 2162 ego
1152 2077 1277 2141 tuntum
1367 2069 1369 2076 '

117 2187 178 2249 aut
194 2201 255 2266 ego
273 2183 362 2265 prior
377 2183 434 2248 sed
452 2201 572 2262 omnes,
588 2183 643 2266 qui
661 2184 888 2266 qualicumque
908 2183 1046 2267 spiritali
1059 2183 1279 2266 intellegentis

116 2289 277 2356 resistunt
312 2289 371 2368 eis,
407 2289 463 2372 qui
500 2290 539 2355 ob
576 2290 638 2355 hoc
675 2288 958 2373 anthropomorphi
995 2290 1206 2355 nominentur.
1243 2309 1279 2356 ex

118 2415 257 2479 quorum
270 2397 389 2463 litteris
403 2415 442 2462 ne
455 2398 559 2462 multa
578 2397 854 2462 commemorando
872 2395 1009 2462 maiores
1029 2415 1133 2461 moras
1152 2397 1278 2474 faciam,

118 2503 182 2569 hoc
209 2523 310 2568 unum
338 2505 439 2570 333311
469 2502 657 2588 Hieronymi
684 2503 861 2586 interpono,
888 2507 926 2568 31
952 2501 1077 2568 nouerit
1097 2503 1161 2567 iste
1183 2503 1282 2568 133133

71 2629 101 2670 an
118 2629 182 2676 nou
211 2629 248 2676 se
275 2611 315 2676 de
341 2611 401 2676 hue
428 2630 462 2677 re
490 2629 617 2675 mecum
645 2610 749 2694 magis
780 2629 874 2694 quum
904 2629 976 2675 cum
1003 2609 1162 2693 prioribus
1186 2627 1279 2694 agere

121 2718 248 2796 debere,
274 2717 301 2781 si
326 2716 402 2799 quid
426 2735 501 2782 enm
525 2719 635 2782 contra
656 2719 835 2800 permonet.

2 2833 47 2894 14
167 2824 251 2890 Cum
274 2843 349 2909 ergo
371 2824 428 2889 ille
449 2824 501 2890 uir
522 2823 556 2889 in
580 2821 748 2905 scripturis
773 2821 981 2888 doctissimus
1005 2823 1166 2906 psalmum
1189 2840 1279 2905 expo-

119 2934 223 3010 neret,
246 2930 302 2996 nbi
326 2931 449 2996 dictum
477 2933 543 2996 est:
573 2929 800 3015 Intellegite
829 2949 928 3014 ergo,
957 2929 1022 3012 qui
1049 2928 1279 3012 insipientes

121 3038 220 3104 estis
235 3038 271 3102 in
286 3039 440 3121 populo,
456 3040 495 3103 et
508 3037 623 3102 stulti
638 3036 844 3119 aliquando
860 3037 992 3120 sopite.
1007 3035 1071 3120 qui
1086 3035 1282 3119 313313311

73 3159 102 3202 2⁵
123 3165 262 3222 aurem,
286 3164 356 3210 non
379 3144 532 3210 audiet?
556 3145 631 3222 aut,
656 3143 1043 3227 3311131113331313,
1067 3161 1138 3208 non
1163 3141 1282 3207 oonsi-

122 3253 250 3317 derat?
274 3251 357 3317 inter
375 3255 495 3318 cetera:
518 3252 594 3316 ‘Iste
612 3248 726 3330 locus',
750 3248 866 3333 inquit,
886 3249 1051 3316 ‘aduersus
1071 3267 1126 3314 eos
1145 3247 1281 3314 manime

213 3509 490 3578 41133333
552 3511 633 3567 ere.
653 3511 733 3580 ld,8
797 3511 831 3564 23
851 3510 895 3566 Ρ3.
915 3510 958 3572 93,
979 3511 1049 3565 8-9
1116 3510 1151 3564 26
1170 3509 1281 3565 Hieron.

125 3602 203 3655 brou.
222 3601 251 3654 in
270 3600 367 3672 psalm.
386 3601 421 3656 93
440 3600 544 3671 (Migne
562 3601 662 3672 patrol.
680 3600 730 3656 131.
749 3599 838 3654 XXVI
856 3617 883 3670 p.
904 3599 983 3668 1108,
1002 3599 1101 3668 5-22)

159 3759 303 3815 2debunt
322 3759 447 3828 (31307
497 3759 595 3814 uolunt
613 3758 694 3814 deum
712 3757 776 3814 cdd.
812 3757 948 3828 duldere]
967 3756 1281 3827 1333133333313131.

122 3855 222 3906 Icorr.
237 3847 382 3904 3131313Ρ1
416 3849 550 3904 83113331
587 3846 891 3902 llnrsnus—-audimus
906 3846 1026 3901 om.RV
1063 3846 1284 3916 recognoscitur

122 3937 225 3996 P¹TV
286 3936 321 3992 14
337 3937 553 4014 3313311331
573 3953 643 3992 corr.
663 3937 812 3991 innotescit
830 3935 861 3990 F
876 3935 1026 4006 ignotescit
1043 3933 1072 3990 R
1137 3937 1169 3989 16
1189 3934 1283 4004 quale·

123 4045 241 4099 cumque
258 4027 286 4081 A
378 4028 411 4082 17
431 4025 591 4096 obtusius
606 4042 636 4082 u.
654 4025 756 4081 33311
864 4024 1071 4095 anthromorphi
1089 4023 1117 4078 A
1136 4023 1285 4093 anthropo·

122 4117 280 4190 morphitae
299 4114 359 4171 edd.
374 4120 489 4185 praeter
507 4131 526 4170 a
612 4115 1018 4184 1833333313333313133
1037 4111 1075 4166 Ρ1
1160 4111 1197 4166 10
1215 4113 1282 4182 non]

122 4226 160 4264 ue
182 4207 211 4262 V
279 4207 397 4276 mecum]
416 4222 460 4259 me
479 4204 533 4259 Fa
603 4200 1019 4274 postmagisrus.1--21.F
1070 4202 1104 4257 21
1124 4201 1190 4272 quid
1210 4202 1283 4272 eum]

125 4295 238 4367 quidem
256 4293 289 4349 F
339 4295 375 4348 22
393 4296 447 4348 iste
465 4292 536 4348 ΡΨ
586 4294 621 4348 26
640 4293 733 4364 inquit
750 4309 813 4360 om,
831 4310 865 4348 m.
887 4291 956 4346 2in
973 4307 1059 4362 marg.
1080 4290 1145 4347 add.
1165 4290 1202 4344 P¹
