3092 4959
236 234 301 297 450
590 232 616 287 S.
645 232 781 286 Aureli
810 232 1029 302 Augustini

236 430 272 491 nt
295 426 347 491 dei
370 427 620 492 misericordiam
644 428 771 510 possint
795 428 917 504 mereri,
942 432 1146 511 compescant
1169 446 1205 493 se
1230 429 1323 492 etiam
1346 427 1382 491 ab

236 534 306 597 aliis
331 534 535 617 decipiendis,
561 535 677 617 quibus
701 536 781 599 bano
805 534 986 618 superbiam
1010 534 1202 617 persuadere
1225 538 1382 598 conantur.

235 640 382 705 omnibus
403 640 485 705 enim
505 643 683 706 necessaria
701 646 751 707 est
770 643 870 708 oratio
890 642 1057 716 dominica,
1078 662 1173 725 quarn
1193 642 1291 706 ctiam
1309 640 1383 725 ipsis

236 747 387 812 arietibus
412 748 531 832 gregis,
554 749 657 813 idest
679 750 833 832 apostolis
859 751 926 815 suis
946 750 1094 815 dominns
1115 748 1214 826 dedit,
1238 753 1278 813 ut
1295 767 1384 812 nous·

236 852 372 935 quisque
389 853 446 918 deo
467 854 564 919 dicat:
590 855 751 919 Dimitte
775 856 884 919 nobis
910 855 1039 919 debita
1061 857 1201 931 nostra,
1228 853 1332 919 sicut
1352 858 1418 916 etr

236 979 300 1025 nos
322 959 554 1025 dimittimus
579 959 820 1026 debitoribus
840 962 995 1027 nostris.
1018 962 1071 1026 cni
1090 961 1176 1025 enirn
1196 961 1275 1025 baec
1294 960 1385 1024 rrerba

236 1067 266 1129 in
287 1066 426 1130 oratione
445 1086 506 1129 non
530 1067 647 1130 fuerint
669 1068 857 1146 necessaria,
881 1069 950 1150 ipse
969 1069 1022 1133 hio
1041 1069 1110 1133 sine
1129 1070 1262 1151 peccato
1281 1066 1385 1131 ninere

235 1172 486 1255 pronuntiandus
516 1177 574 1237 est.
609 1174 720 1255 quales
750 1174 777 1239 si
806 1176 931 1257 aliquos
965 1176 1090 1240 futuros
1124 1174 1274 1239 dominus
1303 1192 1386 1256 prae·

236 1278 360 1343 uideret
382 1280 530 1345 meliores
553 1282 676 1364 utique,
706 1300 802 1363 quam
831 1282 1003 1347 extiterunt
1026 1282 1096 1347 eius
1120 1281 1271 1363 apostoli,
1295 1279 1386 1344 aliam

236 1386 408 1450 orationem
432 1386 504 1450 illos
530 1386 666 1466 doceret,
692 1408 753 1470 qna
777 1408 838 1453 non
862 1393 1006 1473 poterent
1025 1388 1145 1453 dimitti
1166 1388 1229 1453 sibi
1245 1390 1384 1470 peccata
1401 1409 1421 1447 o

236 1491 352 1575 quibus
366 1494 397 1557 in
418 1494 577 1576 baptismo
598 1494 724 1559 fuerant
743 1496 850 1560 omnia
868 1496 930 1559 iarn
950 1495 1093 1560 dimissa.
1114 1514 1186 1560 nam
1206 1496 1234 1559 si
1254 1492 1386 1559 Danihel

236 1603 365 1664 sanctus
397 1620 459 1665 non
493 1620 598 1665 coram
632 1601 815 1668 hominibus
850 1602 942 1685 quasi
975 1603 1161 1667 hnmilitate
1194 1600 1303 1665 fallaci
1335 1598 1386 1663 sed

236 1724 340 1770 coram
374 1706 442 1785 deo,
471 1707 504 1770 id
537 1711 586 1772 est
617 1708 649 1771 in
684 1708 836 1787 oratione,
875 1728 937 1792 qua
970 1710 1065 1773 deum
1097 1708 1297 1792 precabatur,
1329 1723 1385 1769 non

236 1814 339 1878 solum
359 1818 490 1898 peccata
508 1816 616 1899 populi
638 1816 689 1881 sui
708 1817 765 1881 sed
784 1818 880 1881 eliam
901 1835 960 1881 sna
975 1816 1196 1895 confitebatur,
1217 1814 1305 1879 sicut
1323 1813 1386 1877 eius

236 1939 288 1984 ore
306 1920 447 1986 ueridico
472 1940 654 2005 expressum
677 1930 736 1998 est,
761 1924 841 1987 nibil
861 1923 948 1989 alind
967 1922 1045 1987 milri
1069 1922 1198 1987 uidetur
1222 1918 1421 1986 dicendumar

233 2026 317 2101 istie,
346 2027 408 2092 nisi
436 2027 519 2110 quod
547 2048 602 2111 per
633 2029 821 2111 prophetam
854 2030 1055 2095 Ezechielem
1088 2028 1216 2094 cuidam
1248 2026 1379 2110 superbo

236 2132 383 2199 dominus
402 2135 545 2200 mandat:
565 2134 756 2218 Numquid
780 2140 819 2200 tu
841 2136 1052 2219 sapientior
1075 2155 1182 2219 quam
1203 2134 1379 2199 Danihel?

190 2236 210 2299 3
280 2240 342 2305 Sed
364 2241 467 2323 plane,
492 2242 547 2323 qui
570 2242 787 2307 misericordia
811 2242 861 2306 dei
885 2242 1014 2307 adiutus
1034 2246 1067 2307 et
1090 2243 1191 2327 gratia
1215 2260 1251 2307 se
1275 2241 1378 2306 abeis

234 2348 374 2427 peccatis
405 2348 605 2426 abstinuerit,
639 2368 718 2430 quae
751 2349 847 2414 ctiam
881 2350 1013 2414 crimina
1044 2350 1257 2426 nominantur,
1290 2352 1379 2430 atque

234 2453 290 2517 illa
317 2459 456 2537 peccata,
485 2456 553 2520 sine
582 2456 697 2537 quibus
726 2475 788 2520 non
811 2456 864 2520 bic
893 2456 1025 2531 uiuitur,
1053 2456 1206 2520 mundare
1234 2454 1414 2537 operibnsr·

235 2558 468 2625 misericordiae
489 2564 520 2625 et
539 2561 600 2644 piis
621 2562 816 2626 orationibus
836 2582 895 2626 non
915 2562 1099 2645 neglexerit,
1122 2562 1296 2627 merebitur
1313 2558 1378 2624 binc

235 2666 316 2731 exire
345 2668 412 2733 sine
440 2670 582 2751 peccato,
612 2669 770 2751 quamuis,
801 2688 873 2732 cum
901 2668 955 2733 bic
978 2669 1113 2747 uiueret,
1137 2668 1286 2733 habuerit
1311 2685 1378 2731 non·

235 2774 322 2839 nulla
345 2779 485 2857 peccata,
514 2776 598 2857 quia,
628 2776 713 2840 sicut
738 2775 802 2839 ista
829 2795 891 2840 non
925 2774 1103 2853 defuerunt,
1132 2775 1179 2839 ita
1211 2775 1309 2840 etiam
1337 2792 1377 2837 ro

235 2881 348 2958 media,
383 2881 498 2963 quibus
531 2886 751 2966 purgarentur,
790 2882 969 2946 adfuerunt.
1003 2882 1149 2965 quiaquia
1183 2887 1292 2947 autem
1326 2880 1376 2944 bac

234 2989 326 3052 uelut
349 2988 515 3053 occasione
539 2992 710 3070 comperta,
740 3008 812 3053 cum
842 2988 979 3052 audierit
1000 2988 1157 3053 neminem
1182 2989 1234 3054 hic
1257 2987 1409 3054 arbitrioa

324 3252 340 3304 5
359 3250 457 3303 Matth.
478 3250 502 3315 6,
524 3252 557 3304 12
614 3251 645 3303 11
665 3250 735 3305 Dan.
755 3252 781 3313 9,
800 3250 836 3304 20
892 3252 924 3303 17
944 3250 1040 3305 Erech.
1059 3250 1104 3313 28,
1123 3252 1141 3305 3

271 3426 490 3481 lmisericordia
509 3429 620 3497 possent
639 3426 666 3479 P
737 3428 770 3481 ab
791 3427 852 3481 aliis
873 3429 956 3481 etiarn
975 3428 1036 3481 edd.
1127 3428 1144 3481 3
1165 3468 1244 3485 .....
1255 3426 1376 3481 contest

235 3516 322 3569 oratio
342 3533 375 3571 aa
393 3532 462 3572 corr.
481 3534 515 3569 m.
534 3520 553 3569 2
572 3515 599 3569 L
653 3517 730 3586 4nt]
753 3518 781 3570 et
803 3516 829 3569 Τ
894 3518 1005 3571 5dicat
1023 3516 1073 3571 deo
1097 3516 1123 3569 Τ
1140 3516 1249 3571 domino
1269 3512 1375 3570 dicatL

234 3606 316 3659 dbec
331 3606 402 3659 enirn
419 3604 445 3658 T
497 3606 525 3658 in
541 3605 661 3659 oratione
681 3605 765 3658 uerba
785 3605 938 3659 necessaria
956 3621 1009 3659 non
1023 3603 1126 3659 fuerint
1143 3604 1243 3659 Terta.
1279 3606 1376 3674 8prae·

233 3693 334 3748 uiderit
352 3694 380 3747 P
396 3693 553 3763 prouiderat
571 3693 597 3747 L
649 3694 682 3747 10
703 3694 810 3763 quiaP
860 3695 893 3749 13
913 3696 1051 3748 oratione·
1068 3696 1092 3749 0
1110 3694 1292 3761 oratione&
1304 3691 1376 3748 eroal

236 3782 260 3835 0
276 3782 475 3846 orationib;T
545 3780 741 3852 deprecabatur
759 3784 786 3836 P
849 3784 882 3836 15
902 3800 947 3836 ore
966 3783 1049 3836 uerbo
1070 3781 1130 3837 dico
1149 3782 1178 3836 P
1242 3784 1276 3836 17
1294 3779 1376 3851 quarn]

235 3888 262 3925 eo
282 3888 363 3940 qnam
382 3871 439 3925 Μ’
455 3888 481 3924 m
498 3887 549 3927 aec.
567 3886 638 3925 socr.
660 3872 711 3927 litt.
797 3872 830 3925 19
848 3875 982 3925 uocantur
1004 3871 1030 3924 T
1046 3870 1105 3925 edd.
1190 3871 1223 3925 21
1243 3870 1296 3934 hio,
1313 3870 1378 3924 Η

232 3960 296 4013 binc
317 3958 341 4012 0
411 3959 445 4011 22
464 3958 606 4013 habuerint
624 3960 701 4013 nulla
723 3958 746 4013 0
764 3958 911 4012 habuerint
929 3959 1005 4013 nnlla
1027 3958 1051 4012 0
1130 3960 1165 4013 23
1185 3958 1320 4013 defuerint
1337 3953 1378 4010 00

234 4050 268 4101 24
287 4048 507 4118 purgarertnrO
581 4064 611 4102 ae
630 4049 657 4102 P
755 4050 789 4103 25
809 4034 935 4102 cnm-ie
954 4064 1005 4103 om.
1025 4048 1053 4102 P
1123 4048 1169 4102 hic
1187 4049 1320 4104 neminem
1335 4060 1376 4098 sao

234 4138 347 4191 arbitrio
372 4138 398 4191 Τ
