3092 4959
253 289 316 356 178
606 287 634 341 S.
661 286 800 340 Aureli
828 287 1045 356 Augustini

253 484 416 566 apostolus
444 482 608 566 praecipit,
636 500 705 548 uon
736 483 897 564 superbe
930 501 1063 565 sapere
1096 501 1216 566 neque-
1249 501 1401 563 sperare

252 589 288 652 in
317 589 463 654 incerto
493 587 717 654 diuitiarum
748 589 813 653 sed
840 588 876 652 in
904 589 971 655 deo
1000 589 1102 668 uino,
1132 590 1194 672 qui
1227 592 1402 672 praestat

242 679 361 761 'nobis
386 695 507 760 omnia
527 694 761 762 abundanter
780 694 824 760 ad
842 695 1056 772 fruendum3
1075 699 1118 760 ut
1136 697 1228 760 bene
1246 696 1400 770 faciant,

254 803 396 868 diuites
425 801 565 868 sintin
595 801 773 884 operibus
803 802 921 879 bonis,
949 801 1064 868 facile
1091 803 1275 878 tribuant,
1308 821 1402 866 com·

253 910 456 986 munioent,
485 908 746 974 thesaurizent
773 909 848 974 sibi
880 909 1164 974 fundamentum
1195 909 1331 974 bonum
1366 907 1401 971 in
1432 933 1443 966 s

253 1017 433 1094 futurum,
453 1019 495 1079 ut
514 1016 798 1098 adprehendant
816 1035 942 1082 ueram
963 1016 1090 1093 uitam,
1106 1015 1210 1098 qualis
1229 1014 1404 1080 inebriati

253 1142 314 1188 non
336 1125 462 1188 tantum
490 1122 605 1205 spiritu
632 1141 745 1187 uerum
775 1122 870 1187 etiam
899 1141 989 1187 carne
1013 1123 1216 1186 manifestata
1243 1125 1402 1196 osteum

253 1229 425 1294 resurrexit
447 1248 465 1293 a
491 1229 637 1305 mortuis,
666 1249 726 1294 non
755 1229 880 1313 qualem
907 1229 1018 1295 Iudaei
1045 1229 1077 1294 in
1106 1229 1161 1294 illo
1191 1234 1404 1312 peremerunt.

255 1335 380 1418 quaudo
416 1353 489 1400 eum
527 1334 565 1400 de
602 1335 750 1400 manibus
788 1355 896 1400 eorum
936 1335 1015 1400 dens
1052 1355 1113 1401 nou
1151 1337 1236 1400 eruit
1267 1355 1404 1419 eumque

254 1442 461 1526 dereliquisse
490 1443 581 1507 uisus
610 1446 660 1506 est
688 1444 929 1508 exclamantem:
958 1442 1070 1521 Deus,
1098 1442 1190 1508 deus
1218 1462 1335 1519 meus,
1363 1447 1405 1507 ut
1424 1463 1448 1499 ιο

256 1549 345 1633 qnid
377 1568 432 1614 me
465 1547 732 1632 dereliquisti?
764 1553 803 1613 ut
835 1568 871 1614 eo
905 1547 999 1614 modo
1031 1549 1063 1613 in
1098 1568 1132 1614 se
1163 1548 1404 1632 hansliguraret

256 1659 408 1740 martyres
433 1673 519 1732 suos.¹
541 1655 605 1738 qui,
627 1655 688 1720 etsi
706 1655 788 1720 mori
810 1655 941 1732 nollent,
967 1656 1052 1738 quod
1075 1655 1171 1720 etiarn
1190 1655 1286 1720 Petro
1310 1655 1404 1720 dixit:

257 1762 374 1827 ‘Alter
396 1764 432 1828 te
457 1762 586 1846 cinget
609 1765 645 1826 et
668 1762 775 1840 feret,
801 1781 872 1845 quo
895 1766 937 1828 tu
959 1781 1029 1828 non
1059 1761 1139 1840 uis',
1163 1762 1404 1846 significans.

258 1888 329 1951 qua
356 1871 474 1934 morte
503 1868 796 1953 glorificaturus
826 1873 906 1934 erat
933 1868 1052 1945 deum,
1081 1871 1113 1932 et
1140 1869 1180 1934 ob
1211 1869 1273 1934 hoo
1300 1889 1320 1933 a
1347 1869 1405 1934 deo

256 1995 315 2040 suo
339 1974 481 2040 derelicti
506 1974 689 2040 uiderentur
713 1975 751 2040 ad
774 1980 914 2058 tempus,
939 1995 1012 2040 cum
1043 1976 1088 2040 eis
1112 1977 1213 2042 nollet
1234 1979 1406 2059 praestare,
1427 1996 1451 2031 1⁵

258 2082 343 2164 quod
356 2082 485 2158 uellent,
500 2082 588 2146 illam
604 2101 715 2146 uocem
731 2082 834 2147 sordis
849 2083 1031 2148 emitterent
1048 2083 1204 2165 illumque
1222 2082 1409 2147 adhiberent

227 2188 385 2282 ¹pietatis
428 2188 588 2265 affectum,
630 2207 724 2271 quem
766 2189 913 2272 passione
954 2188 1145 2274 inpendente
1186 2209 1239 2254 ore
1279 2190 1408 2272 proprio

258 2294 406 2360 dominus
430 2293 586 2377 expressit
609 2313 662 2358 eos
687 2296 717 2360 in
743 2315 777 2360 sc
802 2295 974 2361 identidem
1002 2296 1246 2380 transfigurans:
1270 2296 1407 2360 Verum

259 2420 327 2466 non
353 2401 450 2484 quod
474 2419 540 2484 ego
565 2399 663 2478 uolo,
689 2401 753 2465 sed
778 2403 876 2484 quod
898 2405 940 2467 tu
963 2403 1033 2480 nis,
1057 2406 1174 2485 pater.

125 2515 235 2581 X128
304 2509 339 2572 In
369 2528 430 2590 quo
464 2507 547 2572 enim
579 2508 727 2590 primitus
760 2509 822 2573 nisi
854 2510 886 2573 in
919 2509 988 2592 ipso
1021 2509 1125 2592 capite
1157 2512 1266 2574 nostro
1298 2508 1409 2572 debuit
1427 2528 1454 2566 a·

259 2633 417 2699 apparere,
445 2619 575 2698 propter
607 2633 701 2696 quam
734 2615 836 2680 uitam
870 2614 1043 2680 Christiani
1075 2619 1209 2680 sumus?
1240 2619 1409 2698 propterea

259 2739 321 2786 non
345 2721 402 2786 eit:
428 2721 515 2788 Deus
538 2741 640 2800 meua,
665 2719 865 2804 dereliquisti
886 2742 949 2799 me,
973 2722 1030 2787 sed
1054 2741 1183 2787 causam
1211 2723 1409 2787 commonuit

259 2828 489 2912 requirendam,
509 2848 582 2894 oum
602 2827 738 2892 addidit:
763 2831 805 2894 ut
828 2828 916 2910 quid
940 2828 1184 2911 dereliquisti
1207 2831 1284 2892 me?
1307 2827 1410 2892 idest

260 2954 366 3018 quare,
394 2939 522 3019 propter
554 2935 640 3016 quid,
668 2953 763 3018 quam
796 2935 836 2999 ob
870 2939 1019 3000 causam?
1050 2936 1192 3018 profecto
1225 2935 1310 3000 enirn
1342 2939 1411 2999 erat

352 3111 364 3162 1
387 3109 400 3162 l
419 3109 487 3162 Tim.
508 3111 532 3172 6,
554 3109 658 3162 17-19
743 3109 798 3173 .1o;
818 3110 853 3163 23
872 3111 916 3163 Pe.
936 3109 979 3176 21,
998 3110 1015 3162 2
1107 3109 1139 3164 13
1159 3109 1217 3165 leh.
1235 3109 1280 3170 21,
1304 3109 1410 3161 18-19

263 3198 295 3253 18
314 3197 413 3252 Matth.
432 3198 475 3264 26,
496 3197 544 3263 39,
564 3199 646 3252 llere.
667 3199 708 3262 14,
728 3199 762 3252 36

260 3368 264 3377 Ι
300 3305 473 3375 lpraecepit
493 3303 573 3359 ORG
591 3303 653 3358 edd.
703 3303 947 3359 tomuiaom.1i
994 3302 1200 3374 liprehendaut
1217 3303 1245 3358 R
1300 3302 1411 3356 cbristo.

261 3409 296 3444 m.
316 3397 330 3444 1
349 3407 416 3445 corr.
437 3390 532 3445 christi
550 3391 577 3444 L
596 3391 697 3445 christo
720 3391 776 3445 GT
864 3392 1004 3460 luerem]
1025 3390 1073 3444 sed
1091 3390 1119 3445 R
1214 3391 1368 3445 8eurrerit
1389 3389 1416 3442 T

299 3479 363 3550 nou]
383 3479 447 3533 nG
518 3482 699 3550 peremerunt,
719 3495 789 3533 corr.
809 3478 975 3550 perimerunt
993 3479 1019 3532 L
1073 3478 1289 3533 9eumom.1'
1351 3495 1413 3532 euru

263 3567 364 3638 quel*
447 3568 479 3622 10
499 3568 565 3622 deus
583 3585 659 3622 meus
679 3567 745 3622 deus
763 3585 839 3622 meus
858 3568 918 3621 edd.
932 3576 1047 3637 praeter
1065 3585 1083 3620 a
1176 3568 1209 3621 la
1228 3567 1324 3631 nollet,
1343 3573 1415 3622 ml

263 3674 332 3712 corr.
350 3657 455 3711 nollent
473 3657 499 3710 L
555 3657 588 3712 13
607 3661 638 3710 tu
656 3673 705 3712 orn.
726 3657 758 3710 N
818 3657 851 3710 14
870 3657 1063 3711 clarificaturus
1085 3656 1171 3711 GNT
1186 3657 1246 3711 edd.
1261 3663 1377 3724 praeter
1392 3675 1413 3710 a

261 3763 312 3802 aec.
337 3746 414 3815 Vulp.
489 3750 562 3800 esset
583 3745 668 3801 GNY
684 3763 734 3800 sec.
758 3746 837 3816 Vulq.
904 3747 937 3800 ob
958 3750 985 3815 (o
1004 3764 1038 3800 ecc
1055 3763 1124 3801 corr.
1144 3763 1178 3800 m.
1198 3750 1228 3812 2)
1248 3746 1276 3800 B
1323 3749 1356 3800 15
1375 3752 1413 3810 at,

263 3852 298 3888 m.
318 3840 333 3888 1
350 3852 419 3890 cerr.
439 3834 473 3889 ad
491 3835 518 3888 L
626 3840 763 3905 praestare
782 3836 869 3890 nollet
888 3835 948 3890 edd.
1056 3835 1162 3890 nollent
1179 3837 1259 3904 (poet.
1274 3853 1291 3887 n
1306 3836 1371 3901 del.)
1382 3835 1418 3888 Ν

266 3925 299 3979 17
318 3924 452 3994 impende,
472 3941 506 3977 m.
527 3927 547 3978 2
565 3923 739 3994 impendente
761 3925 787 3978 Τ
854 3924 889 3978 20
908 3926 980 3978 enim
999 3924 1099 3980 om.T
1169 3941 1300 3994 apparere
1320 3923 1415 3978 debuit

265 4013 325 4067 edd.
391 4013 423 4066 21
444 4013 541 4082 uitam]
560 4029 668 4066 causam
687 4012 747 4066 edd.
765 4020 877 4081 praeter
893 4031 919 4065 m
988 4013 1022 4066 22
1042 4013 1109 4066 deus
1128 4012 1194 4068 deus
1212 4029 1290 4066 meus
1311 4030 1329 4066 a
1348 4012 1415 4066 dens

265 4119 340 4156 ruens
360 4101 426 4156 deus
445 4119 521 4156 meus
540 4108 599 4156 cett.
620 4101 679 4156 edd.
766 4101 907 4155 admonuit
925 4102 955 4156 N
1035 4103 1070 4156 23
1089 4101 1167 4156 addit
1185 4100 1213 4155 R
1294 4103 1331 4155 24
1350 4102 1414 4172 quid

269 4189 308 4254 (id
327 4207 359 4246 ee
378 4207 447 4245 corr.
466 4207 500 4242 m.
521 4195 550 4256 2)
571 4190 598 4245 R
