3092 4959
545 184 812 254 epistularum
841 186 959 243 CXXVI.
1284 194 1324 255 15

174 380 280 443 cinam
298 379 329 443 in
351 383 499 462 quantam
517 380 596 445 libet
614 400 734 445 moram
755 382 906 464 temporis
922 380 1113 447 differemus.
1134 384 1212 448 deus
1231 383 1324 449 testis

175 488 227 551 est
249 486 345 551 istam
370 505 493 551 omnem
518 507 622 551 serram
646 488 936 553 ecclesiasticarum
963 491 1226 571 procurationem,
1252 510 1326 573 qua-

174 613 246 657 rum
281 592 439 657 credimur
471 613 574 658 amare
608 593 815 671 dominatum,
842 600 971 679 propter
1003 598 1202 671 seruitutem,
1231 617 1326 678 quarn

176 700 276 763 debeo
302 700 427 765 caritati
451 700 581 766 fratrum
608 705 639 765 et
662 702 770 767 timori
794 701 855 780 dei,
879 704 1012 767 tolerare
1036 723 1097 781 me,
1121 722 1182 768 non
1210 722 1326 768 amare.

138 809 283 872 citant
307 826 353 881 ea,
373 807 400 871 si
425 809 513 872 saluo
539 808 799 891 olfioiopossim,
820 828 925 873 carere
950 809 1135 875 desiderem.
1160 829 1216 874 nec
1240 810 1325 873 aliud

175 934 228 978 me
253 915 291 977 de
315 915 409 979 fratre
433 934 502 979 meo
526 916 641 998 Alypio
667 916 783 981 sentire
806 915 875 999 ipse
903 916 981 979 deus
1009 917 1103 981 testis
1131 920 1190 981 est.
1223 919 1328 980 tamen

177 1026 211 1085 et
231 1022 269 1085 de
287 1022 343 1086 illo
363 1022 455 1085 aliter
474 1022 636 1086 sentiendo
656 1022 795 1103 populus
815 1027 857 1098 et,
877 1022 959 1103 qaod
979 1026 1029 1086 est
1047 1024 1187 1105 greuim,
1207 1024 1328 1107 Hippo-

177 1128 298 1191 niensis
323 1128 354 1191 in
378 1130 482 1192 tantas
507 1130 556 1193 eat
578 1128 666 1191 illius
695 1127 922 1211 praecipitatus
951 1127 1082 1192 iniurias
1112 1132 1143 1192 et
1171 1128 1209 1191 de
1237 1128 1328 1192 nobis

177 1254 238 1298 uos
263 1234 363 1299 sancti
383 1234 433 1298 dei
458 1238 489 1299 et
507 1235 592 1318 pleni
616 1233 795 1299 uisceribus
819 1233 1053 1299 misericordiae
1073 1235 1150 1298 talia
1173 1234 1328 1299 credendo

126 1362 156 1398 xo
177 1342 305 1405 nomine
330 1341 471 1405 eiusdem
496 1342 617 1424 populi,
642 1340 695 1424 qui
720 1340 759 1405 ad
783 1360 911 1405 causam
935 1341 1069 1407 huiusce
1093 1341 1179 1406 modi
1208 1341 1329 1424 cupidi-

178 1448 256 1512 tatis
281 1447 407 1513 omnino
433 1467 492 1512 non
517 1449 664 1529 pertinet,
689 1467 745 1512 nos
770 1452 899 1532 tangere
924 1452 1019 1529 atque
1043 1448 1211 1512 admonere
1239 1448 1329 1512 uolu-

179 1554 252 1619 istis
278 1554 387 1637 utique
412 1554 451 1619 ad
474 1574 531 1620 nos
557 1556 769 1640 corrigendos,
795 1575 895 1637 neque
920 1557 1001 1619 enim
1026 1555 1110 1630 odio,
1135 1554 1218 1637 qnod
1247 1554 1330 1619 absit

179 1660 326 1725 anobis.
351 1660 432 1724 unde
460 1681 521 1725 non
549 1661 642 1725 irasci
672 1660 726 1725 sed
756 1662 874 1744 gratias
903 1680 996 1744 agere
1025 1661 1134 1737 debeo,
1160 1660 1244 1742 quod
1272 1679 1330 1724 nec

178 1766 391 1831 uerecundius
411 1786 467 1831 nec
485 1767 617 1832 liberius
638 1787 729 1851 agere
749 1768 911 1850 potuistis,
930 1772 967 1832 nt
985 1767 1133 1850 episcopo
1153 1786 1212 1831 non
1238 1767 1329 1849 quasi

130 1896 160 1934 re
180 1874 362 1938 conuiciose
391 1874 568 1953 obiceretis,
597 1875 681 1958 quod
709 1875 904 1952 sentiebatis,
934 1874 989 1939 sed
1018 1895 1053 1938 er
1082 1874 1210 1957 obliquo
1238 1874 1329 1939 intel-

177 1974 348 2064 legendum
372 1981 602 2063 relinqueretis.

78 2084 127 2147 10
226 2087 294 2151 Nec
318 2087 489 2152 molestum
513 2088 556 2151 sit
579 2087 683 2163 uobis,
703 2091 738 2150 ut
757 2108 816 2152 uos
840 2089 930 2152 uelut
950 2091 1098 2170 granatos
1122 2087 1327 2162 arbitremini,

181 2194 258 2276 quia
280 2193 445 2257 iurandum
470 2194 592 2275 putaui.
617 2213 719 2277 neque
740 2195 824 2259 enim
844 2195 997 2277 grauabat
1015 2193 1179 2277 apostolus
1200 2196 1256 2256 aut
1275 2213 1328 2257 eos

179 2320 294 2385 parum
318 2300 480 2384 diligebat,
504 2302 620 2383 quibus
645 2301 781 2366 dicebat:
805 2302 888 2365 Non
918 2302 955 2365 in
984 2320 1166 2365 sermone
1195 2299 1328 2364 adula-

131 2432 162 2471 66
182 2408 312 2474 tionis
340 2408 492 2473 luimus
521 2408 623 2491 apud
651 2428 723 2474 uos
753 2428 879 2492 neque
908 2409 946 2472 in
975 2410 1191 2473 occasione
1224 2408 1328 2490 cupi-

183 2514 349 2589 ditatis:
380 2514 477 2579 deus
506 2516 630 2579 testis
661 2518 732 2579 est.
762 2516 805 2578 rei
830 2517 946 2597 quippe
971 2518 1095 2596 apertae
1119 2514 1206 2595 ipsos
1230 2517 1328 2577 testes

182 2622 340 2699 adhibuit,
363 2623 407 2685 rei
440 2625 546 2686 autern
580 2622 722 2686 occultae
757 2641 850 2702 quem
882 2622 944 2685 nisi
976 2621 1092 2684 deum?
1126 2620 1153 2683 si
1177 2638 1251 2702 ergo
1274 2619 1329 2682 ille

182 2728 296 2792 merito
321 2731 370 2791 est
392 2728 526 2805 ueritus,
551 2749 588 2791 ne
612 2728 749 2792 humana
776 2728 955 2810 ignorantia
984 2727 1020 2791 de
1044 2726 1099 2790 illo
1124 2726 1242 2808 aliquid
1266 2726 1328 2789 tale

183 2834 325 2913 sentiret,
346 2834 437 2899 cuius
455 2834 1107 2918 laborinpromptuomnibuse1·at,quod
1125 2833 1186 2896 nisi
1205 2851 1329 2896 summa

133 2963 164 3005 aa
183 2941 374 3007 necessitate
398 2962 416 3005 a
440 2941 577 3024 populis,
606 2942 720 3024 quibus
750 2940 869 3005 Christi
897 2940 1032 3024 gratiam
1060 2939 1327 3022 dispensabatur

182 3068 263 3113 usus
287 3066 361 3113 suos
385 3047 506 3131 aliquid
528 3067 590 3113 uon
615 3048 771 3123 sumebat,
796 3051 900 3111 cetera
923 3067 996 3111 nero
1022 3066 1079 3111 suo
1104 3046 1206 3109 uictui
1224 3064 1329 3109 neces-

183 3154 266 3219 saria
285 3154 352 3219 suis
371 3154 518 3219 manibus
536 3154 741 3239 transigebat,
757 3158 873 3235 quanto
893 3153 995 3236 magis
1014 3152 1105 3217 nobis
1124 3149 1329 3216 laborandum

184 3264 244 3335 est,
269 3261 306 3323 nt
338 3258 493 3338 credatur,
518 3260 572 3341 qui
606 3262 637 3323 et
669 3259 783 3323 merito
817 3258 995 3322 sanctitatis
1024 3261 1056 3321 et
1082 3257 1201 3321 uirtute
1234 3256 1330 3320 animi

275 3450 308 3504 19
327 3450 341 3502 I
359 3448 452 3503 Thess.
472 3450 497 3516 2,
516 3452 532 3503 5

222 3558 234 3609 1
256 3554 427 3624 quantalibet
444 3570 519 3608 mora
542 3554 566 3608 U
634 3556 650 3607 2
670 3553 914 3624 ecclesiasticarum
932 3555 963 3606 in
981 3570 1037 3605 ras.
1056 3569 1091 3607 m.
1111 3552 1172 3606 112
1244 3552 1261 3606 3
1279 3552 1328 3605 ba-

182 3646 248 3699 bere
267 3644 301 3697 Η
373 3647 390 3699 5
409 3660 528 3713 possum,
547 3660 581 3699 m.
601 3648 617 3696 1
635 3658 703 3696 corr.
723 3643 825 3713 possim
848 3642 875 3696 U
891 3644 1000 3712 passim,
1019 3643 1083 3695 etilo
1103 3647 1242 3695 cerecesola
1261 3658 1329 3696 corr.

183 3730 335 3803 possimT
393 3735 490 3786 'time
510 3748 560 3785 om.
584 3729 667 3785 TVU
751 3731 970 3801 'lHipponensis
990 3730 1050 3809 edd.
1133 3731 1166 3783 15
1185 3730 1284 3783 uitiose
1307 3729 1333 3781 l‘

185 3826 219 3877 16
238 3823 417 3892 reliqueratis,
436 3823 500 3876 stilo
519 3826 657 3875 caussato
676 3838 746 3875 corr.
769 3821 939 3889 reliqueratis
962 3820 987 3872 Τ
1095 3819 1126 3872 17
1151 3820 1211 3888 uos]
1234 3836 1284 3871 nos
1307 3818 1332 3871 U

183 3912 221 3966 20
245 3910 317 3981 apud
342 3910 400 3981 uos]
425 3910 496 3979 apud
519 3927 568 3963 uos
592 3910 663 3963 sicut
687 3910 763 3963 scitis
787 3909 847 3964 edd.
872 3925 922 3961 sec.
941 3925 1014 3961 sacr,
1035 3909 1087 3961 litt.
1209 3922 1258 3959 nec
1278 3905 1330 3959 edd

184 4002 221 4054 24
240 3999 365 4053 omnibus
383 4000 411 4053 in
434 4002 559 4070 promptu
579 3998 639 4052 edd.
749 3986 803 4051 oib'
828 4002 886 4051 erat
908 3998 940 4050 ia
962 4013 1018 4054 rere.
1042 4014 1077 4051 oe.
1100 4000 1115 4048 1
1138 3996 1205 4062 (suit
1229 3998 1280 4062 est)
1303 3994 1330 4049 R

183 4092 220 4145 25
239 4088 356 4158 gratiam
376 4088 470 4142 christi
492 4088 517 4141 Τ
534 4086 594 4141 edd.
