<?xml version="1.0" encoding="UTF-8"?>
<!DOCTYPE html PUBLIC "-//W3C//DTD XHTML 1.0 Transitional//EN"
    "http://www.w3.org/TR/xhtml1/DTD/xhtml1-transitional.dtd">
<html xmlns="http://www.w3.org/1999/xhtml" xml:lang="en" lang="en">
 <head>
  <title>
</title>
<meta http-equiv="Content-Type" content="text/html;charset=utf-8" />
  <meta name='ocr-system' content='tesseract 3.04.00' />
  <meta name='ocr-capabilities' content='ocr_page ocr_carea ocr_par ocr_line ocrx_word'/>
</head>
<body>
  <div class='ocr_page' id='page_1' title='image "./corpusscriptoru05wissgoog_0446.png"; bbox 0 0 3092 4959; ppageno 0'>
   <div class='ocr_carea' id='block_1_1' title="bbox 264 406 1060 476">
    <p class='ocr_par' dir='ltr' id='par_1_1' title="bbox 264 406 1060 476">
     <span class='ocr_line' id='line_1_1' title="bbox 264 406 1060 476; baseline -0.003 -13"><span class='ocrx_word' id='word_1_1' title='bbox 264 406 328 470; x_wconf 85' lang='grc'>416</span> <span class='ocrx_word' id='word_1_2' title='bbox 619 406 645 459; x_wconf 87' lang='lat' dir='ltr'>S.</span> <span class='ocrx_word' id='word_1_3' title='bbox 674 407 811 460; x_wconf 82' lang='lat' dir='ltr'>Aureli</span> <span class='ocrx_word' id='word_1_4' title='bbox 840 407 1060 476; x_wconf 76' lang='lat' dir='ltr'>Augustini</span> 
     </span>
    </p>
   </div>
   <div class='ocr_carea' id='block_1_2' title="bbox 198 601 1541 2499">
    <p class='ocr_par' dir='ltr' id='par_1_2' title="bbox 264 601 1456 1111">
     <span class='ocr_line' id='line_1_2' title="bbox 264 601 1415 684; baseline -0.001 -22"><span class='ocrx_word' id='word_1_5' title='bbox 264 601 447 684; x_wconf 86' lang='lat' dir='ltr'>praecipitio</span> <span class='ocrx_word' id='word_1_6' title='bbox 473 604 601 683; x_wconf 83' lang='lat' dir='ltr'>pereat?</span> <span class='ocrx_word' id='word_1_7' title='bbox 627 602 712 683; x_wconf 80' lang='lat' dir='ltr'>quid,</span> <span class='ocrx_word' id='word_1_8' title='bbox 738 602 766 665; x_wconf 90' lang='lat' dir='ltr'>si</span> <span class='ocrx_word' id='word_1_9' title='bbox 786 602 868 665; x_wconf 87' lang='lat' dir='ltr'>alius</span> <span class='ocrx_word' id='word_1_10' title='bbox 891 602 1019 667; x_wconf 89' lang='lat' dir='ltr'>homine</span> <span class='ocrx_word' id='word_1_11' title='bbox 1042 602 1177 667; x_wconf 87' lang='lat' dir='ltr'>liberato</span> <span class='ocrx_word' id='word_1_12' title='bbox 1202 602 1255 667; x_wconf 86' lang='lat' dir='ltr'>nel</span> <span class='ocrx_word' id='word_1_13' title='bbox 1273 620 1312 665; x_wconf 91' lang='lat' dir='ltr'>ne</span> <span class='ocrx_word' id='word_1_14' title='bbox 1335 601 1415 664; x_wconf 82' lang='lat' dir='ltr'>alius</span> 
     </span>
     <span class='ocr_line' id='line_1_3' title="bbox 265 706 1415 793; baseline 0 -24"><span class='ocrx_word' id='word_1_15' title='bbox 265 706 415 771; x_wconf 88' lang='lat' dir='ltr'>liberetur·</span> <span class='ocrx_word' id='word_1_16' title='bbox 434 708 494 772; x_wconf 90' lang='lat' dir='ltr'>sibi</span> <span class='ocrx_word' id='word_1_17' title='bbox 515 709 584 790; x_wconf 87' lang='lat' dir='ltr'>ipse</span> <span class='ocrx_word' id='word_1_18' title='bbox 604 714 738 773; x_wconf 88' lang='lat' dir='ltr'>mortem</span> <span class='ocrx_word' id='word_1_19' title='bbox 758 710 896 773; x_wconf 85' lang='lat' dir='ltr'>inferat?</span> <span class='ocrx_word' id='word_1_20' title='bbox 916 730 992 773; x_wconf 90' lang='lat' dir='ltr'>num</span> <span class='ocrx_word' id='word_1_21' title='bbox 1007 712 1136 793; x_wconf 85' lang='lat' dir='ltr'>propter</span> <span class='ocrx_word' id='word_1_22' title='bbox 1148 710 1228 774; x_wconf 85' lang='lat' dir='ltr'>istas</span> <span class='ocrx_word' id='word_1_23' title='bbox 1244 709 1415 772; x_wconf 86' lang='lat' dir='ltr'>alienarum</span> 
     </span>
     <span class='ocr_line' id='line_1_4' title="bbox 266 814 1416 882; baseline 0 -5"><span class='ocrx_word' id='word_1_24' title='bbox 266 815 415 878; x_wconf 80' lang='lat' dir='ltr'>moltium</span> <span class='ocrx_word' id='word_1_25' title='bbox 448 834 561 880; x_wconf 81' lang='lat' dir='ltr'>causas</span> <span class='ocrx_word' id='word_1_26' title='bbox 595 821 651 879; x_wconf 89' lang='lat' dir='ltr'>aut</span> <span class='ocrx_word' id='word_1_27' title='bbox 683 817 797 881; x_wconf 88' lang='lat' dir='ltr'>sceleri</span> <span class='ocrx_word' id='word_1_28' title='bbox 825 816 1084 882; x_wconf 85' lang='lat' dir='ltr'>consentiendum</span> <span class='ocrx_word' id='word_1_29' title='bbox 1115 820 1165 879; x_wconf 89' lang='lat' dir='ltr'>est</span> <span class='ocrx_word' id='word_1_30' title='bbox 1192 820 1249 881; x_wconf 87' lang='lat' dir='ltr'>aut</span> <span class='ocrx_word' id='word_1_31' title='bbox 1277 814 1416 879; x_wconf 86' lang='lat' dir='ltr'>uindicta</span> 
     </span>
     <span class='ocr_line' id='line_1_5' title="bbox 265 920 1417 1005; baseline 0.001 -22"><span class='ocrx_word' id='word_1_32' title='bbox 265 920 397 1002; x_wconf 84' lang='lat' dir='ltr'>peccati,</span> <span class='ocrx_word' id='word_1_33' title='bbox 431 940 511 1003; x_wconf 90' lang='lat' dir='ltr'>quae</span> <span class='ocrx_word' id='word_1_34' title='bbox 548 941 609 985; x_wconf 89' lang='lat' dir='ltr'>nou</span> <span class='ocrx_word' id='word_1_35' title='bbox 638 922 675 987; x_wconf 91' lang='lat' dir='ltr'>fit</span> <span class='ocrx_word' id='word_1_36' title='bbox 702 923 837 987; x_wconf 89' lang='lat' dir='ltr'>nocendi</span> <span class='ocrx_word' id='word_1_37' title='bbox 869 923 925 987; x_wconf 92' lang='lat' dir='ltr'>sed</span> <span class='ocrx_word' id='word_1_38' title='bbox 959 922 1136 1005; x_wconf 84' lang='lat' dir='ltr'>corrigendi</span> <span class='ocrx_word' id='word_1_39' title='bbox 1168 922 1288 989; x_wconf 87' lang='lat' dir='ltr'>studio.</span> <span class='ocrx_word' id='word_1_40' title='bbox 1323 923 1417 985; x_wconf 87' lang='lat' dir='ltr'>etiam</span> 
     </span>
     <span class='ocr_line' id='line_1_6' title="bbox 265 1026 1456 1111; baseline -0.003 -21"><span class='ocrx_word' id='word_1_41' title='bbox 265 1029 394 1110; x_wconf 83' lang='lat' dir='ltr'>paterna</span> <span class='ocrx_word' id='word_1_42' title='bbox 416 1026 557 1092; x_wconf 87' lang='lat' dir='ltr'>tollenda</span> <span class='ocrx_word' id='word_1_43' title='bbox 580 1032 636 1093; x_wconf 89' lang='lat' dir='ltr'>aut</span> <span class='ocrx_word' id='word_1_44' title='bbox 659 1048 754 1111; x_wconf 89' lang='lat' dir='ltr'>opera</span> <span class='ocrx_word' id='word_1_45' title='bbox 773 1028 1008 1093; x_wconf 78' lang='lat' dir='ltr'>misericordiae</span> <span class='ocrx_word' id='word_1_46' title='bbox 1027 1027 1204 1093; x_wconf 88' lang='lat' dir='ltr'>cohibenda</span> <span class='ocrx_word' id='word_1_47' title='bbox 1221 1033 1318 1093; x_wconf 79' lang='lat' dir='ltr'>suot?</span> <span class='ocrx_word' id='word_1_48' title='bbox 1344 1030 1419 1092; x_wconf 82' lang='lat' dir='ltr'>haer</span> <span class='ocrx_word' id='word_1_49' title='bbox 1446 1048 1456 1085; x_wconf 73' lang='lat' dir='ltr'>a</span> 
     </span>
    </p>

    <p class='ocr_par' dir='ltr' id='par_1_3' title="bbox 198 1133 1420 1324">
     <span class='ocr_line' id='line_1_7' title="bbox 198 1133 1420 1220; baseline 0.003 -25"><span class='ocrx_word' id='word_1_50' title='bbox 198 1206 204 1215; x_wconf 28' lang='grc' dir='ltr'>ι</span> <span class='ocrx_word' id='word_1_51' title='bbox 266 1150 337 1196; x_wconf 93' lang='lat' dir='ltr'>cum</span> <span class='ocrx_word' id='word_1_52' title='bbox 367 1133 525 1207; x_wconf 82' lang='lat' dir='ltr'>accidunt,</span> <span class='ocrx_word' id='word_1_53' title='bbox 559 1135 711 1200; x_wconf 89' lang='lat' dir='ltr'>debemus</span> <span class='ocrx_word' id='word_1_54' title='bbox 741 1137 787 1200; x_wconf 89' lang='lat' dir='ltr'>eis</span> <span class='ocrx_word' id='word_1_55' title='bbox 815 1136 989 1200; x_wconf 88' lang='lat' dir='ltr'>humanum</span> <span class='ocrx_word' id='word_1_56' title='bbox 1019 1136 1170 1213; x_wconf 85' lang='lat' dir='ltr'>dolorem,</span> <span class='ocrx_word' id='word_1_57' title='bbox 1202 1156 1264 1201; x_wconf 92' lang='lat' dir='ltr'>non</span> <span class='ocrx_word' id='word_1_58' title='bbox 1292 1142 1420 1220; x_wconf 79' lang='lat' dir='ltr'>propter</span> 
     </span>
     <span class='ocr_line' id='line_1_8' title="bbox 264 1239 1319 1324; baseline 0.006 -23"><span class='ocrx_word' id='word_1_59' title='bbox 264 1239 329 1313; x_wconf 83' lang='lat' dir='ltr'>illa,</span> <span class='ocrx_word' id='word_1_60' title='bbox 354 1260 392 1304; x_wconf 89' lang='lat' dir='ltr'>ne</span> <span class='ocrx_word' id='word_1_61' title='bbox 412 1242 567 1319; x_wconf 77' lang='lat' dir='ltr'>accidant,</span> <span class='ocrx_word' id='word_1_62' title='bbox 591 1248 675 1307; x_wconf 86' lang='lat' dir='ltr'>recte</span> <span class='ocrx_word' id='word_1_63' title='bbox 699 1243 856 1307; x_wconf 87' lang='lat' dir='ltr'>factorum</span> <span class='ocrx_word' id='word_1_64' title='bbox 878 1243 1082 1324; x_wconf 81' lang='lat' dir='ltr'>reprimimus</span> <span class='ocrx_word' id='word_1_65' title='bbox 1106 1245 1319 1308; x_wconf 90' lang='lat' dir='ltr'>uoluntatem.</span> 
     </span>
    </p>

    <p class='ocr_par' dir='ltr' id='par_1_4' title="bbox 201 1344 1541 2499">
     <span class='ocr_line' id='line_1_9' title="bbox 201 1344 1418 1433; baseline 0.007 -26"><span class='ocrx_word' id='word_1_66' title='bbox 201 1344 241 1407; x_wconf 84' lang='grc'>18</span> <span class='ocrx_word' id='word_1_67' title='bbox 311 1345 364 1410; x_wconf 86' lang='lat' dir='ltr'>Sic</span> <span class='ocrx_word' id='word_1_68' title='bbox 402 1348 509 1426; x_wconf 81' lang='lat' dir='ltr'>stiam,</span> <span class='ocrx_word' id='word_1_69' title='bbox 552 1368 624 1413; x_wconf 92' lang='lat' dir='ltr'>cum</span> <span class='ocrx_word' id='word_1_70' title='bbox 666 1350 893 1414; x_wconf 72' lang='lat' dir='ltr'>intercedimus</span> <span class='ocrx_word' id='word_1_71' title='bbox 931 1370 987 1433; x_wconf 89' lang='lat' dir='ltr'>pro</span> <span class='ocrx_word' id='word_1_72' title='bbox 1023 1354 1191 1431; x_wconf 81' lang='lat' dir='ltr'>peccatore</span> <span class='ocrx_word' id='word_1_73' title='bbox 1230 1350 1418 1415; x_wconf 88' lang='lat' dir='ltr'>damnando.</span> 
     </span>
     <span class='ocr_line' id='line_1_10' title="bbox 266 1455 1418 1539; baseline 0.003 -22"><span class='ocrx_word' id='word_1_74' title='bbox 266 1457 443 1534; x_wconf 86' lang='lat' dir='ltr'>sequuntur</span> <span class='ocrx_word' id='word_1_75' title='bbox 466 1455 646 1537; x_wconf 86' lang='lat' dir='ltr'>aliquando,</span> <span class='ocrx_word' id='word_1_76' title='bbox 677 1476 757 1538; x_wconf 88' lang='lat' dir='ltr'>quac</span> <span class='ocrx_word' id='word_1_77' title='bbox 781 1459 941 1529; x_wconf 78' lang='lat' dir='ltr'>nolumus,</span> <span class='ocrx_word' id='word_1_78' title='bbox 972 1457 1041 1521; x_wconf 91' lang='lat' dir='ltr'>siue</span> <span class='ocrx_word' id='word_1_79' title='bbox 1066 1457 1203 1539; x_wconf 87' lang='lat' dir='ltr'>inipso.</span> <span class='ocrx_word' id='word_1_80' title='bbox 1233 1459 1288 1538; x_wconf 91' lang='lat' dir='ltr'>qni</span> <span class='ocrx_word' id='word_1_81' title='bbox 1313 1462 1418 1523; x_wconf 87' lang='lat' dir='ltr'>nostra</span> 
     </span>
     <span class='ocr_line' id='line_1_11' title="bbox 265 1560 1456 1647; baseline 0.004 -25"><span class='ocrx_word' id='word_1_82' title='bbox 265 1560 490 1627; x_wconf 77' lang='lat' dir='ltr'>intercessione</span> <span class='ocrx_word' id='word_1_83' title='bbox 522 1562 685 1628; x_wconf 88' lang='lat' dir='ltr'>liberatur.</span> <span class='ocrx_word' id='word_1_84' title='bbox 720 1568 756 1627; x_wconf 87' lang='lat' dir='ltr'>ut</span> <span class='ocrx_word' id='word_1_85' title='bbox 789 1565 841 1628; x_wconf 89' lang='lat' dir='ltr'>uel</span> <span class='ocrx_word' id='word_1_86' title='bbox 873 1564 1045 1629; x_wconf 88' lang='lat' dir='ltr'>immanius</span> <span class='ocrx_word' id='word_1_87' title='bbox 1077 1563 1223 1647; x_wconf 88' lang='lat' dir='ltr'>inpunita</span> <span class='ocrx_word' id='word_1_88' title='bbox 1255 1569 1419 1647; x_wconf 84' lang='lat' dir='ltr'>grassetur</span> <span class='ocrx_word' id='word_1_89' title='bbox 1436 1584 1456 1617; x_wconf 77' lang='lat' dir='ltr'>u</span> 
     </span>
     <span class='ocr_line' id='line_1_12' title="bbox 266 1668 1417 1754; baseline -0.003 -18"><span class='ocrx_word' id='word_1_90' title='bbox 266 1668 399 1736; x_wconf 87' lang='lat' dir='ltr'>audacia</span> <span class='ocrx_word' id='word_1_91' title='bbox 427 1669 556 1733; x_wconf 88' lang='lat' dir='ltr'>subdita</span> <span class='ocrx_word' id='word_1_92' title='bbox 583 1669 762 1752; x_wconf 82' lang='lat' dir='ltr'>cupiditati,</span> <span class='ocrx_word' id='word_1_93' title='bbox 791 1671 914 1754; x_wconf 83' lang='lat' dir='ltr'>ingrata</span> <span class='ocrx_word' id='word_1_94' title='bbox 941 1672 1066 1735; x_wconf 88' lang='lat' dir='ltr'>lenitati</span> <span class='ocrx_word' id='word_1_95' title='bbox 1094 1675 1189 1752; x_wconf 84' lang='lat' dir='ltr'>atque</span> <span class='ocrx_word' id='word_1_96' title='bbox 1218 1690 1302 1734; x_wconf 89' lang='lat' dir='ltr'>unus</span> <span class='ocrx_word' id='word_1_97' title='bbox 1326 1672 1417 1734; x_wconf 87' lang='lat' dir='ltr'>morti</span> 
     </span>
     <span class='ocr_line' id='line_1_13' title="bbox 267 1776 1417 1859; baseline 0.002 -21"><span class='ocrx_word' id='word_1_98' title='bbox 267 1778 395 1856; x_wconf 89' lang='lat' dir='ltr'>ereptus</span> <span class='ocrx_word' id='word_1_99' title='bbox 425 1776 580 1858; x_wconf 89' lang='lat' dir='ltr'>plurimos</span> <span class='ocrx_word' id='word_1_100' title='bbox 609 1780 709 1853; x_wconf 79' lang='lat' dir='ltr'>necet,</span> <span class='ocrx_word' id='word_1_101' title='bbox 739 1777 791 1841; x_wconf 90' lang='lat' dir='ltr'>uel</span> <span class='ocrx_word' id='word_1_102' title='bbox 819 1778 888 1858; x_wconf 86' lang='lat' dir='ltr'>ipso</span> <span class='ocrx_word' id='word_1_103' title='bbox 916 1797 973 1859; x_wconf 91' lang='lat' dir='ltr'>per</span> <span class='ocrx_word' id='word_1_104' title='bbox 1000 1777 1189 1842; x_wconf 75' lang='lat' dir='ltr'>beneficium</span> <span class='ocrx_word' id='word_1_105' title='bbox 1217 1780 1365 1842; x_wconf 87' lang='lat' dir='ltr'>nostrum</span> <span class='ocrx_word' id='word_1_106' title='bbox 1389 1779 1417 1840; x_wconf 89' lang='lat' dir='ltr'>in</span> 
     </span>
     <span class='ocr_line' id='line_1_14' title="bbox 267 1880 1418 1965; baseline 0.002 -20"><span class='ocrx_word' id='word_1_107' title='bbox 267 1880 381 1945; x_wconf 88' lang='lat' dir='ltr'>melius</span> <span class='ocrx_word' id='word_1_108' title='bbox 415 1885 612 1946; x_wconf 84' lang='lat' dir='ltr'>commutato</span> <span class='ocrx_word' id='word_1_109' title='bbox 646 1883 852 1965; x_wconf 85' lang='lat' dir='ltr'>moribusque</span> <span class='ocrx_word' id='word_1_110' title='bbox 885 1887 1025 1948; x_wconf 87' lang='lat' dir='ltr'>correcto</span> <span class='ocrx_word' id='word_1_111' title='bbox 1059 1884 1142 1947; x_wconf 86' lang='lat' dir='ltr'>alius</span> <span class='ocrx_word' id='word_1_112' title='bbox 1169 1884 1254 1947; x_wconf 86' lang='lat' dir='ltr'>maie</span> <span class='ocrx_word' id='word_1_113' title='bbox 1283 1884 1418 1948; x_wconf 87' lang='lat' dir='ltr'>uiuendo</span> 
     </span>
     <span class='ocr_line' id='line_1_15' title="bbox 267 1989 1419 2075; baseline 0.001 -22"><span class='ocrx_word' id='word_1_114' title='bbox 267 1993 376 2069; x_wconf 88' lang='lat' dir='ltr'>pereat</span> <span class='ocrx_word' id='word_1_115' title='bbox 403 1989 527 2071; x_wconf 90' lang='lat' dir='ltr'>sibique</span> <span class='ocrx_word' id='word_1_116' title='bbox 555 1989 651 2052; x_wconf 90' lang='lat' dir='ltr'>huius</span> <span class='ocrx_word' id='word_1_117' title='bbox 680 1990 869 2073; x_wconf 85' lang='lat' dir='ltr'>impunitate</span> <span class='ocrx_word' id='word_1_118' title='bbox 897 1991 1063 2073; x_wconf 87' lang='lat' dir='ltr'>proposita</span> <span class='ocrx_word' id='word_1_119' title='bbox 1090 1990 1167 2054; x_wconf 86' lang='lat' dir='ltr'>talia</span> <span class='ocrx_word' id='word_1_120' title='bbox 1194 1991 1248 2054; x_wconf 88' lang='lat' dir='ltr'>uel</span> <span class='ocrx_word' id='word_1_121' title='bbox 1275 1993 1419 2075; x_wconf 84' lang='lat' dir='ltr'>grauiora</span> 
     </span>
     <span class='ocr_line' id='line_1_16' title="bbox 268 2096 1454 2179; baseline 0 -20"><span class='ocrx_word' id='word_1_122' title='bbox 268 2096 456 2159; x_wconf 87' lang='lat' dir='ltr'>committat.</span> <span class='ocrx_word' id='word_1_123' title='bbox 486 2115 558 2173; x_wconf 82' lang='lat' dir='ltr'>non,</span> <span class='ocrx_word' id='word_1_124' title='bbox 587 2102 624 2159; x_wconf 88' lang='lat' dir='ltr'>ut</span> <span class='ocrx_word' id='word_1_125' title='bbox 652 2096 771 2177; x_wconf 85' lang='lat' dir='ltr'>opinor,</span> <span class='ocrx_word' id='word_1_126' title='bbox 800 2097 877 2161; x_wconf 89' lang='lat' dir='ltr'>haec</span> <span class='ocrx_word' id='word_1_127' title='bbox 906 2098 990 2161; x_wconf 85' lang='lat' dir='ltr'>mala</span> <span class='ocrx_word' id='word_1_128' title='bbox 1016 2097 1191 2179; x_wconf 82' lang='lat' dir='ltr'>inputanda</span> <span class='ocrx_word' id='word_1_129' title='bbox 1219 2103 1296 2163; x_wconf 89' lang='lat' dir='ltr'>suut</span> <span class='ocrx_word' id='word_1_130' title='bbox 1318 2097 1418 2163; x_wconf 83' lang='lat' dir='ltr'>nohis.</span> <span class='ocrx_word' id='word_1_131' title='bbox 1436 2114 1454 2151; x_wconf 76' lang='grc' dir='ltr'>ιτ</span> 
     </span>
     <span class='ocr_line' id='line_1_17' title="bbox 268 2185 1541 2286; baseline 0 -21"><span class='ocrx_word' id='word_1_132' title='bbox 268 2220 342 2265; x_wconf 89' lang='lat' dir='ltr'>cnm</span> <span class='ocrx_word' id='word_1_133' title='bbox 369 2202 596 2266; x_wconf 85' lang='lat' dir='ltr'>intercedimus</span> <span class='ocrx_word' id='word_1_134' title='bbox 626 2202 728 2280; x_wconf 83' lang='lat' dir='ltr'>uobis,</span> <span class='ocrx_word' id='word_1_135' title='bbox 758 2204 813 2266; x_wconf 91' lang='lat' dir='ltr'>sed</span> <span class='ocrx_word' id='word_1_136' title='bbox 836 2204 945 2284; x_wconf 89' lang='lat' dir='ltr'>potius</span> <span class='ocrx_word' id='word_1_137' title='bbox 968 2203 1026 2267; x_wconf 91' lang='lat' dir='ltr'>illa</span> <span class='ocrx_word' id='word_1_138' title='bbox 1049 2205 1140 2279; x_wconf 85' lang='lat' dir='ltr'>bona,</span> <span class='ocrx_word' id='word_1_139' title='bbox 1170 2223 1261 2286; x_wconf 87' lang='lat' dir='ltr'>quae,</span> <span class='ocrx_word' id='word_1_140' title='bbox 1290 2223 1363 2267; x_wconf 88' lang='lat' dir='ltr'>cum</span> <span class='ocrx_word' id='word_1_141' title='bbox 1386 2202 1417 2265; x_wconf 87' lang='lat' dir='ltr'>id</span> <span class='ocrx_word' id='word_1_142' title='bbox 1540 2185 1541 2192; x_wconf 30' lang='lat'>¹</span> 
     </span>
     <span class='ocr_line' id='line_1_18' title="bbox 267 2308 1418 2387; baseline 0 -16"><span class='ocrx_word' id='word_1_143' title='bbox 267 2308 413 2384; x_wconf 84' lang='lat' dir='ltr'>facimus,</span> <span class='ocrx_word' id='word_1_144' title='bbox 437 2308 598 2372; x_wconf 89' lang='lat' dir='ltr'>iutuemur</span> <span class='ocrx_word' id='word_1_145' title='bbox 617 2312 649 2373; x_wconf 87' lang='lat' dir='ltr'>et</span> <span class='ocrx_word' id='word_1_146' title='bbox 667 2310 830 2387; x_wconf 86' lang='lat' dir='ltr'>uolumus,</span> <span class='ocrx_word' id='word_1_147' title='bbox 854 2309 956 2373; x_wconf 88' lang='lat' dir='ltr'>idest</span> <span class='ocrx_word' id='word_1_148' title='bbox 979 2310 1212 2374; x_wconf 87' lang='lat' dir='ltr'>commendatio</span> <span class='ocrx_word' id='word_1_149' title='bbox 1235 2315 1418 2374; x_wconf 85' lang='lat' dir='ltr'>mansuetu-</span> 
     </span>
     <span class='ocr_line' id='line_1_19' title="bbox 269 2414 1417 2499; baseline 0.001 -22"><span class='ocrx_word' id='word_1_150' title='bbox 269 2414 351 2478; x_wconf 93' lang='lat' dir='ltr'>dinis</span> <span class='ocrx_word' id='word_1_151' title='bbox 380 2414 418 2478; x_wconf 88' lang='lat' dir='ltr'>ad</span> <span class='ocrx_word' id='word_1_152' title='bbox 448 2414 677 2479; x_wconf 90' lang='lat' dir='ltr'>conciliandam</span> <span class='ocrx_word' id='word_1_153' title='bbox 706 2415 909 2480; x_wconf 90' lang='lat' dir='ltr'>dilectionem</span> <span class='ocrx_word' id='word_1_154' title='bbox 937 2418 1035 2481; x_wconf 91' lang='lat' dir='ltr'>uerbo</span> <span class='ocrx_word' id='word_1_155' title='bbox 1063 2417 1335 2494; x_wconf 65' lang='lat' dir='ltr'>uenustissimi,</span> <span class='ocrx_word' id='word_1_156' title='bbox 1364 2416 1417 2499; x_wconf 87' lang='lat' dir='ltr'>qui</span> 
     </span>
    </p>
   </div>
   <div class='ocr_carea' id='block_1_3' title="bbox 266 2712 1537 4365">
    <p class='ocr_par' dir='ltr' id='par_1_5' title="bbox 268 2712 1421 2872">
     <span class='ocr_line' id='line_1_20' title="bbox 305 2712 1418 2784; baseline 0.004 -21"><span class='ocrx_word' id='word_1_157' title='bbox 305 2712 318 2763; x_wconf 93' lang='lat'>1</span> <span class='ocrx_word' id='word_1_158' title='bbox 340 2712 459 2780; x_wconf 83' lang='lat' dir='ltr'>precipio</span> <span class='ocrx_word' id='word_1_159' title='bbox 484 2712 510 2765; x_wconf 80' lang='lat' dir='ltr'><strong><em>V</em></strong></span> <span class='ocrx_word' id='word_1_160' title='bbox 525 2713 672 2782; x_wconf 85' lang='lat' dir='ltr'>praccipio,</span> <span class='ocrx_word' id='word_1_161' title='bbox 692 2730 724 2766; x_wconf 90' lang='lat' dir='ltr'>m.</span> <span class='ocrx_word' id='word_1_162' title='bbox 744 2716 764 2765; x_wconf 99' lang='grc'><em>2</em></span> <span class='ocrx_word' id='word_1_163' title='bbox 783 2714 945 2783; x_wconf 85' lang='lat' dir='ltr'>praecipicio</span> <span class='ocrx_word' id='word_1_164' title='bbox 964 2714 1001 2766; x_wconf 87' lang='grc' dir='ltr'><strong>Μ</strong></span> <span class='ocrx_word' id='word_1_165' title='bbox 1075 2720 1177 2784; x_wconf 73' lang='lat' dir='ltr'>pereat.</span> <span class='ocrx_word' id='word_1_166' title='bbox 1196 2714 1246 2768; x_wconf 82' lang='lat' dir='ltr'>aed</span> <span class='ocrx_word' id='word_1_167' title='bbox 1263 2732 1280 2784; x_wconf 88' lang='lat' dir='ltr'>p</span> <span class='ocrx_word' id='word_1_168' title='bbox 1299 2731 1332 2768; x_wconf 71' lang='lat' dir='ltr'>ea·</span> <span class='ocrx_word' id='word_1_169' title='bbox 1349 2730 1418 2767; x_wconf 83' lang='lat' dir='ltr'>corr.</span> 
     </span>
     <span class='ocr_line' id='line_1_21' title="bbox 268 2799 1421 2872; baseline 0.002 -19"><span class='ocrx_word' id='word_1_170' title='bbox 268 2799 450 2867; x_wconf 80' lang='lat' dir='ltr'>(m.1?)M</span> <span class='ocrx_word' id='word_1_171' title='bbox 520 2802 589 2855; x_wconf 83' lang='lat' dir='ltr'>alius</span> <span class='ocrx_word' id='word_1_172' title='bbox 609 2802 662 2855; x_wconf 85' lang='lat' dir='ltr'>alio</span> <span class='ocrx_word' id='word_1_173' title='bbox 682 2802 791 2855; x_wconf 87' lang='lat' dir='ltr'>homine</span> <span class='ocrx_word' id='word_1_174' title='bbox 810 2802 963 2857; x_wconf 74' lang='lat' dir='ltr'><strong><em>PP¹SVP⁴</em></strong></span> <span class='ocrx_word' id='word_1_175' title='bbox 1045 2804 1145 2872; x_wconf 75' lang='lat' dir='ltr'>aubi]</span> <span class='ocrx_word' id='word_1_176' title='bbox 1166 2804 1190 2856; x_wconf 89' lang='lat' dir='ltr'>si</span> <span class='ocrx_word' id='word_1_177' title='bbox 1208 2802 1248 2856; x_wconf 87' lang='lat' dir='ltr'>P²</span> <span class='ocrx_word' id='word_1_178' title='bbox 1318 2804 1369 2872; x_wconf 84' lang='lat' dir='ltr'>ipsi</span> <span class='ocrx_word' id='word_1_179' title='bbox 1389 2802 1421 2855; x_wconf 87' lang='lat' dir='ltr'><em>H</em></span> 
     </span>
    </p>

    <p class='ocr_par' dir='ltr' id='par_1_6' title="bbox 269 2890 1426 3673">
     <span class='ocr_line' id='line_1_22' title="bbox 307 2890 1418 2960; baseline 0.001 -18"><span class='ocrx_word' id='word_1_180' title='bbox 307 2896 342 2943; x_wconf 75' lang='lat' dir='ltr'>na</span> <span class='ocrx_word' id='word_1_181' title='bbox 360 2890 387 2943; x_wconf 90' lang='lat' dir='ltr'>P</span> <span class='ocrx_word' id='word_1_182' title='bbox 458 2891 578 2960; x_wconf 80' lang='lat' dir='ltr'>propter]</span> <span class='ocrx_word' id='word_1_183' title='bbox 600 2908 645 2958; x_wconf 88' lang='lat' dir='ltr'>pro</span> <span class='ocrx_word' id='word_1_184' title='bbox 665 2890 704 2944; x_wconf 68' lang='grc' dir='ltr'>Ρ2</span> <span class='ocrx_word' id='word_1_185' title='bbox 793 2891 919 2956; x_wconf 85' lang='lat' dir='ltr'>3morti‚</span> <span class='ocrx_word' id='word_1_186' title='bbox 938 2908 973 2944; x_wconf 87' lang='lat' dir='ltr'>m.</span> <span class='ocrx_word' id='word_1_187' title='bbox 994 2895 1014 2945; x_wconf 91' lang='grc'><em>2</em></span> <span class='ocrx_word' id='word_1_188' title='bbox 1032 2892 1158 2945; x_wconf 85' lang='lat' dir='ltr'>mortium</span> <span class='ocrx_word' id='word_1_189' title='bbox 1179 2891 1212 2945; x_wconf 90' lang='lat' dir='ltr'><em>H</em></span> <span class='ocrx_word' id='word_1_190' title='bbox 1283 2893 1418 2945; x_wconf 77' lang='lat' dir='ltr'>conscien-</span> 
     </span>
     <span class='ocr_line' id='line_1_23' title="bbox 270 2978 1419 3051; baseline 0.001 -20"><span class='ocrx_word' id='word_1_191' title='bbox 270 2978 333 3031; x_wconf 89' lang='lat' dir='ltr'>dum</span> <span class='ocrx_word' id='word_1_192' title='bbox 352 2980 379 3031; x_wconf 99' lang='lat' dir='ltr'><strong><em>A</em></strong></span> <span class='ocrx_word' id='word_1_193' title='bbox 435 2979 962 3048; x_wconf 70' lang='lat' dir='ltr'>dpeccarrdi,aedndcxcorr.m.1</span> <span class='ocrx_word' id='word_1_194' title='bbox 985 2980 1012 3032; x_wconf 87' lang='lat' dir='ltr'><em>V</em></span> <span class='ocrx_word' id='word_1_195' title='bbox 1069 2980 1227 3034; x_wconf 65' lang='lat' dir='ltr'>etoilendo</span> <span class='ocrx_word' id='word_1_196' title='bbox 1247 2984 1376 3051; x_wconf 80' lang='lat' dir='ltr'>ntopera</span> <span class='ocrx_word' id='word_1_197' title='bbox 1395 2980 1419 3032; x_wconf 77' lang='lat'>1,</span> 
     </span>
     <span class='ocr_line' id='line_1_24' title="bbox 270 3067 1419 3138; baseline 0.002 -19"><span class='ocrx_word' id='word_1_198' title='bbox 270 3068 287 3119; x_wconf 87' lang='lat'>6</span> <span class='ocrx_word' id='word_1_199' title='bbox 306 3068 492 3135; x_wconf 88' lang='lat' dir='ltr'>occidendum,</span> <span class='ocrx_word' id='word_1_200' title='bbox 512 3085 545 3120; x_wconf 84' lang='lat' dir='ltr'>ra.</span> <span class='ocrx_word' id='word_1_201' title='bbox 567 3071 587 3121; x_wconf 85' lang='lat'><em>2</em></span> <span class='ocrx_word' id='word_1_202' title='bbox 606 3068 732 3121; x_wconf 84' lang='lat' dir='ltr'>accidunt</span> <span class='ocrx_word' id='word_1_203' title='bbox 749 3067 783 3121; x_wconf 89' lang='lat' dir='ltr'><strong><em>H</em></strong></span> <span class='ocrx_word' id='word_1_204' title='bbox 836 3068 975 3136; x_wconf 88' lang='lat' dir='ltr'>debemus,</span> <span class='ocrx_word' id='word_1_205' title='bbox 993 3086 1027 3122; x_wconf 84' lang='lat' dir='ltr'>m.</span> <span class='ocrx_word' id='word_1_206' title='bbox 1048 3072 1068 3121; x_wconf 90' lang='grc'><em>2</em></span> <span class='ocrx_word' id='word_1_207' title='bbox 1086 3070 1110 3122; x_wconf 84' lang='lat' dir='ltr'>si</span> <span class='ocrx_word' id='word_1_208' title='bbox 1128 3068 1242 3138; x_wconf 75' lang='lat' dir='ltr'>phemius</span> <span class='ocrx_word' id='word_1_209' title='bbox 1260 3070 1296 3123; x_wconf 98' lang='grc' dir='ltr'><em>Μ</em></span> <span class='ocrx_word' id='word_1_210' title='bbox 1340 3070 1355 3120; x_wconf 79' lang='grc' dir='ltr'><strong>ἵ</strong></span> <span class='ocrx_word' id='word_1_211' title='bbox 1374 3086 1419 3121; x_wconf 84' lang='lat' dir='ltr'>ac·</span> 
     </span>
     <span class='ocr_line' id='line_1_25' title="bbox 271 3157 1420 3227; baseline 0 -18"><span class='ocrx_word' id='word_1_212' title='bbox 271 3157 365 3210; x_wconf 80' lang='lat' dir='ltr'>cidunt</span> <span class='ocrx_word' id='word_1_213' title='bbox 385 3157 448 3210; x_wconf 65' lang='grc' dir='ltr'>ΡΡ1</span> <span class='ocrx_word' id='word_1_214' title='bbox 520 3158 631 3226; x_wconf 88' lang='lat' dir='ltr'>reprimi</span> <span class='ocrx_word' id='word_1_215' title='bbox 650 3158 690 3211; x_wconf 67' lang='grc' dir='ltr'>Ρ3</span> <span class='ocrx_word' id='word_1_216' title='bbox 707 3160 852 3227; x_wconf 87' lang='lat' dir='ltr'>reprimere</span> <span class='ocrx_word' id='word_1_217' title='bbox 872 3158 932 3211; x_wconf 84' lang='lat' dir='ltr'>edd.</span> <span class='ocrx_word' id='word_1_218' title='bbox 947 3163 1062 3226; x_wconf 79' lang='lat' dir='ltr'>praeter</span> <span class='ocrx_word' id='word_1_219' title='bbox 1079 3174 1106 3211; x_wconf 84' lang='lat' dir='ltr'>m</span> <span class='ocrx_word' id='word_1_220' title='bbox 1197 3160 1214 3211; x_wconf 88' lang='lat'>8</span> <span class='ocrx_word' id='word_1_221' title='bbox 1233 3160 1327 3227; x_wconf 82' lang='lat' dir='ltr'>etism]</span> <span class='ocrx_word' id='word_1_222' title='bbox 1348 3157 1420 3210; x_wconf 85' lang='lat' dir='ltr'>enim</span> 
     </span>
     <span class='ocr_line' id='line_1_26' title="bbox 270 3244 1421 3316; baseline 0.002 -19"><span class='ocrx_word' id='word_1_223' title='bbox 270 3244 362 3297; x_wconf 75' lang='grc' dir='ltr'>ΗΜΛ</span> <span class='ocrx_word' id='word_1_224' title='bbox 426 3248 568 3314; x_wconf 82' lang='lat' dir='ltr'>peccatore</span> <span class='ocrx_word' id='word_1_225' title='bbox 588 3244 753 3315; x_wconf 86' lang='lat' dir='ltr'>damnando]</span> <span class='ocrx_word' id='word_1_226' title='bbox 774 3251 886 3315; x_wconf 87' lang='lat' dir='ltr'>peccato</span> <span class='ocrx_word' id='word_1_227' title='bbox 906 3246 1062 3300; x_wconf 88' lang='lat' dir='ltr'>redimendo</span> <span class='ocrx_word' id='word_1_228' title='bbox 1081 3246 1121 3300; x_wconf 68' lang='grc' dir='ltr'><strong><em>Ρ</em></strong></span> <span class='ocrx_word' id='word_1_229' title='bbox 1157 3248 1174 3301; x_wconf 87' lang='lat'><strong>9</strong></span> <span class='ocrx_word' id='word_1_230' title='bbox 1193 3248 1253 3316; x_wconf 85' lang='lat' dir='ltr'>qui]</span> <span class='ocrx_word' id='word_1_231' title='bbox 1274 3262 1332 3315; x_wconf 83' lang='lat' dir='ltr'>que,</span> <span class='ocrx_word' id='word_1_232' title='bbox 1351 3264 1385 3298; x_wconf 75' lang='lat' dir='ltr'>m.</span> <span class='ocrx_word' id='word_1_233' title='bbox 1407 3252 1421 3299; x_wconf 81' lang='lat'><em>1</em></span> 
     </span>
     <span class='ocr_line' id='line_1_27' title="bbox 269 3334 1422 3404; baseline 0 -19"><span class='ocrx_word' id='word_1_234' title='bbox 269 3348 339 3386; x_wconf 88' lang='lat' dir='ltr'>corr.</span> <span class='ocrx_word' id='word_1_235' title='bbox 360 3334 406 3402; x_wconf 88' lang='lat' dir='ltr'>qni</span> <span class='ocrx_word' id='word_1_236' title='bbox 425 3334 449 3387; x_wconf 82' lang='lat' dir='ltr'><em>S</em></span> <span class='ocrx_word' id='word_1_237' title='bbox 466 3350 535 3403; x_wconf 86' lang='lat' dir='ltr'>qnae</span> <span class='ocrx_word' id='word_1_238' title='bbox 555 3334 618 3387; x_wconf 92' lang='lat' dir='ltr'>PP¹</span> <span class='ocrx_word' id='word_1_239' title='bbox 639 3341 683 3401; x_wconf 88' lang='lat' dir='ltr'>(m.</span> <span class='ocrx_word' id='word_1_240' title='bbox 704 3338 724 3389; x_wconf 91' lang='grc'><em>2</em></span> <span class='ocrx_word' id='word_1_241' title='bbox 743 3337 800 3404; x_wconf 84' lang='lat' dir='ltr'>qni)</span> <span class='ocrx_word' id='word_1_242' title='bbox 819 3334 856 3387; x_wconf 64' lang='grc' dir='ltr'>Ρ*</span> <span class='ocrx_word' id='word_1_243' title='bbox 970 3336 1004 3388; x_wconf 88' lang='grc'>10</span> <span class='ocrx_word' id='word_1_244' title='bbox 1022 3334 1167 3389; x_wconf 83' lang='lat' dir='ltr'>immanius</span> <span class='ocrx_word' id='word_1_245' title='bbox 1180 3335 1293 3402; x_wconf 79' lang='lat' dir='ltr'>suctum</span> <span class='ocrx_word' id='word_1_246' title='bbox 1308 3335 1367 3389; x_wconf 78' lang='lat' dir='ltr'>uid.</span> <span class='ocrx_word' id='word_1_247' title='bbox 1387 3352 1422 3387; x_wconf 79' lang='lat' dir='ltr'>es</span> 
     </span>
     <span class='ocr_line' id='line_1_28' title="bbox 271 3421 1423 3491; baseline 0.001 -18"><span class='ocrx_word' id='word_1_248' title='bbox 271 3421 415 3475; x_wconf 88' lang='lat' dir='ltr'>humanius</span> <span class='ocrx_word' id='word_1_249' title='bbox 435 3424 461 3477; x_wconf 90' lang='lat' dir='ltr'><strong><em>A</em></strong></span> <span class='ocrx_word' id='word_1_250' title='bbox 485 3424 514 3476; x_wconf 91' lang='lat' dir='ltr'>in</span> <span class='ocrx_word' id='word_1_251' title='bbox 537 3425 624 3477; x_wconf 87' lang='lat' dir='ltr'>maius</span> <span class='ocrx_word' id='word_1_252' title='bbox 644 3424 678 3477; x_wconf 83' lang='lat' dir='ltr'>Ii</span> <span class='ocrx_word' id='word_1_253' title='bbox 697 3424 852 3477; x_wconf 83' lang='lat' dir='ltr'>inmanibus</span> <span class='ocrx_word' id='word_1_254' title='bbox 871 3424 898 3476; x_wconf 99' lang='lat' dir='ltr'><em>L</em></span> <span class='ocrx_word' id='word_1_255' title='bbox 1025 3428 1160 3478; x_wconf 80' lang='lat' dir='ltr'>crassatur</span> <span class='ocrx_word' id='word_1_256' title='bbox 1177 3422 1320 3479; x_wconf 81' lang='lat' dir='ltr'><em>P²UMP³</em></span> <span class='ocrx_word' id='word_1_257' title='bbox 1335 3425 1381 3491; x_wconf 77' lang='lat' dir='ltr'>(ur.</span> <span class='ocrx_word' id='word_1_258' title='bbox 1403 3428 1423 3474; x_wconf 78' lang='grc'><em>2</em></span> 
     </span>
     <span class='ocr_line' id='line_1_29' title="bbox 271 3512 1422 3584; baseline 0.001 -21"><span class='ocrx_word' id='word_1_259' title='bbox 271 3514 420 3581; x_wconf 81' lang='lat' dir='ltr'>grassetur)</span> <span class='ocrx_word' id='word_1_260' title='bbox 440 3512 466 3564; x_wconf 88' lang='lat' dir='ltr'><em>L</em></span> <span class='ocrx_word' id='word_1_261' title='bbox 559 3513 588 3565; x_wconf 85' lang='lat'>11</span> <span class='ocrx_word' id='word_1_262' title='bbox 612 3512 731 3579; x_wconf 81' lang='lat' dir='ltr'>subdito,</span> <span class='ocrx_word' id='word_1_263' title='bbox 751 3530 786 3566; x_wconf 86' lang='lat' dir='ltr'>m.</span> <span class='ocrx_word' id='word_1_264' title='bbox 806 3516 826 3566; x_wconf 89' lang='grc'><em>2</em></span> <span class='ocrx_word' id='word_1_265' title='bbox 843 3512 956 3567; x_wconf 81' lang='lat' dir='ltr'>subdita</span> <span class='ocrx_word' id='word_1_266' title='bbox 974 3512 1013 3567; x_wconf 83' lang='lat' dir='ltr'>P³</span> <span class='ocrx_word' id='word_1_267' title='bbox 1084 3512 1206 3584; x_wconf 73' lang='lat' dir='ltr'>piditas,</span> <span class='ocrx_word' id='word_1_268' title='bbox 1224 3531 1259 3567; x_wconf 86' lang='lat' dir='ltr'>m.</span> <span class='ocrx_word' id='word_1_269' title='bbox 1279 3512 1422 3581; x_wconf 77' lang='lat' dir='ltr'>2cupidi·</span> 
     </span>
     <span class='ocr_line' id='line_1_30' title="bbox 270 3600 1426 3673; baseline 0 -20"><span class='ocrx_word' id='word_1_270' title='bbox 270 3600 324 3653; x_wconf 82' lang='lat' dir='ltr'>tati</span> <span class='ocrx_word' id='word_1_271' title='bbox 342 3600 376 3654; x_wconf 90' lang='lat' dir='ltr'><em>H</em></span> <span class='ocrx_word' id='word_1_272' title='bbox 471 3601 609 3655; x_wconf 75' lang='lat' dir='ltr'>lenitatidi</span> <span class='ocrx_word' id='word_1_273' title='bbox 627 3606 736 3669; x_wconf 82' lang='lat' dir='ltr'>(parua</span> <span class='ocrx_word' id='word_1_274' title='bbox 754 3604 824 3664; x_wconf 79' lang='lat' dir='ltr'>raa.)</span> <span class='ocrx_word' id='word_1_275' title='bbox 843 3602 880 3655; x_wconf 82' lang='lat' dir='ltr'><em>M</em></span> <span class='ocrx_word' id='word_1_276' title='bbox 978 3604 1058 3657; x_wconf 90' lang='lat' dir='ltr'>unius</span> <span class='ocrx_word' id='word_1_277' title='bbox 1076 3604 1103 3656; x_wconf 91' lang='lat' dir='ltr'><strong><em>P</em></strong></span> <span class='ocrx_word' id='word_1_278' title='bbox 1195 3604 1227 3655; x_wconf 82' lang='lat'>12</span> <span class='ocrx_word' id='word_1_279' title='bbox 1245 3603 1376 3673; x_wconf 87' lang='lat' dir='ltr'>plurimus</span> <span class='ocrx_word' id='word_1_280' title='bbox 1397 3602 1426 3653; x_wconf 90' lang='lat' dir='ltr'><strong><em>P</em></strong></span> 
     </span>
    </p>

    <p class='ocr_par' dir='ltr' id='par_1_7' title="bbox 266 3690 1537 4365">
     <span class='ocr_line' id='line_1_31' title="bbox 307 3690 1421 3762; baseline 0.002 -21"><span class='ocrx_word' id='word_1_281' title='bbox 307 3693 400 3742; x_wconf 86' lang='lat' dir='ltr'>nectet</span> <span class='ocrx_word' id='word_1_282' title='bbox 417 3690 482 3743; x_wconf 69' lang='lat' dir='ltr'>PP⁴</span> <span class='ocrx_word' id='word_1_283' title='bbox 501 3708 550 3745; x_wconf 89' lang='lat' dir='ltr'>nec</span> <span class='ocrx_word' id='word_1_284' title='bbox 571 3691 645 3744; x_wconf 71' lang='lat' dir='ltr'>eeL</span> <span class='ocrx_word' id='word_1_285' title='bbox 701 3694 783 3762; x_wconf 84' lang='lat' dir='ltr'>p(=</span> <span class='ocrx_word' id='word_1_286' title='bbox 803 3696 862 3760; x_wconf 78' lang='lat' dir='ltr'>pro)</span> <span class='ocrx_word' id='word_1_287' title='bbox 879 3692 1042 3745; x_wconf 86' lang='lat' dir='ltr'>beneficium</span> <span class='ocrx_word' id='word_1_288' title='bbox 1061 3690 1243 3745; x_wconf 65' lang='lat' dir='ltr'>noenumP²</span> <span class='ocrx_word' id='word_1_289' title='bbox 1298 3692 1330 3745; x_wconf 82' lang='lat'>13</span> <span class='ocrx_word' id='word_1_290' title='bbox 1348 3706 1421 3743; x_wconf 83' lang='lat' dir='ltr'>com·</span> 
     </span>
     <span class='ocr_line' id='line_1_32' title="bbox 269 3778 1423 3850; baseline 0.001 -20"><span class='ocrx_word' id='word_1_291' title='bbox 269 3779 367 3831; x_wconf 83' lang='lat' dir='ltr'>mitato</span> <span class='ocrx_word' id='word_1_292' title='bbox 391 3778 419 3831; x_wconf 89' lang='lat' dir='ltr'><em>V</em></span> <span class='ocrx_word' id='word_1_293' title='bbox 433 3783 625 3840; x_wconf 72' lang='lat' dir='ltr'>commutato,</span> <span class='ocrx_word' id='word_1_294' title='bbox 645 3798 679 3836; x_wconf 83' lang='lat' dir='ltr'>ra.</span> <span class='ocrx_word' id='word_1_295' title='bbox 700 3784 720 3833; x_wconf 93' lang='grc'><em>2</em></span> <span class='ocrx_word' id='word_1_296' title='bbox 738 3784 904 3834; x_wconf 88' lang='lat' dir='ltr'>commutato</span> <span class='ocrx_word' id='word_1_297' title='bbox 923 3781 961 3834; x_wconf 88' lang='lat' dir='ltr'><em>M</em></span> <span class='ocrx_word' id='word_1_298' title='bbox 1044 3780 1165 3834; x_wconf 86' lang='lat' dir='ltr'>moribus</span> <span class='ocrx_word' id='word_1_299' title='bbox 1184 3797 1238 3850; x_wconf 91' lang='lat' dir='ltr'>quo</span> <span class='ocrx_word' id='word_1_300' title='bbox 1259 3782 1284 3833; x_wconf 89' lang='lat' dir='ltr'><strong><em>A</em></strong></span> <span class='ocrx_word' id='word_1_301' title='bbox 1302 3779 1423 3833; x_wconf 82' lang='lat' dir='ltr'>moribus</span> 
     </span>
     <span class='ocr_line' id='line_1_33' title="bbox 271 3867 1422 3940; baseline 0 -19"><span class='ocrx_word' id='word_1_302' title='bbox 271 3868 341 3931; x_wconf 83' lang='lat' dir='ltr'>(crib</span> <span class='ocrx_word' id='word_1_303' title='bbox 360 3884 417 3921; x_wconf 83' lang='lat' dir='ltr'>ras.</span> <span class='ocrx_word' id='word_1_304' title='bbox 437 3874 462 3921; x_wconf 85' lang='lat' dir='ltr'>ct</span> <span class='ocrx_word' id='word_1_305' title='bbox 481 3884 550 3923; x_wconf 87' lang='lat' dir='ltr'>corr.</span> <span class='ocrx_word' id='word_1_306' title='bbox 569 3886 604 3922; x_wconf 32' lang='lat' dir='ltr'>rna.</span> <span class='ocrx_word' id='word_1_307' title='bbox 624 3875 655 3923; x_wconf 82' lang='lat' dir='ltr'>ut</span> <span class='ocrx_word' id='word_1_308' title='bbox 673 3870 732 3923; x_wconf 80' lang='lat' dir='ltr'>uid.</span> <span class='ocrx_word' id='word_1_309' title='bbox 752 3875 781 3935; x_wconf 88' lang='lat'>1;</span> <span class='ocrx_word' id='word_1_310' title='bbox 800 3886 852 3939; x_wconf 89' lang='lat' dir='ltr'>que</span> <span class='ocrx_word' id='word_1_311' title='bbox 871 3874 934 3937; x_wconf 89' lang='lat' dir='ltr'>om.)</span> <span class='ocrx_word' id='word_1_312' title='bbox 946 3869 985 3923; x_wconf 72' lang='lat'>1²²</span> <span class='ocrx_word' id='word_1_313' title='bbox 1039 3873 1162 3940; x_wconf 86' lang='lat' dir='ltr'>correpto</span> <span class='ocrx_word' id='word_1_314' title='bbox 1176 3870 1211 3922; x_wconf 90' lang='lat' dir='ltr'><em>H</em></span> <span class='ocrx_word' id='word_1_315' title='bbox 1225 3872 1272 3937; x_wconf 78' lang='lat' dir='ltr'>(aa.</span> <span class='ocrx_word' id='word_1_316' title='bbox 1291 3874 1306 3922; x_wconf 88' lang='lat'><em>1</em></span> <span class='ocrx_word' id='word_1_317' title='bbox 1317 3867 1334 3921; x_wconf 68' lang='lat' dir='ltr'>d</span> <span class='ocrx_word' id='word_1_318' title='bbox 1350 3884 1422 3921; x_wconf 82' lang='lat' dir='ltr'>corr.</span> 
     </span>
     <span class='ocr_line' id='line_1_34' title="bbox 268 3956 1423 4027; baseline 0.002 -19"><span class='ocrx_word' id='word_1_319' title='bbox 268 3958 400 4021; x_wconf 84' lang='lat' dir='ltr'>correcto)</span> <span class='ocrx_word' id='word_1_320' title='bbox 414 3956 451 4008; x_wconf 89' lang='lat' dir='ltr'><em>M</em></span> <span class='ocrx_word' id='word_1_321' title='bbox 467 3957 525 4023; x_wconf 82' lang='lat' dir='ltr'>(sed</span> <span class='ocrx_word' id='word_1_322' title='bbox 544 3976 559 4027; x_wconf 91' lang='lat' dir='ltr'>p</span> <span class='ocrx_word' id='word_1_323' title='bbox 579 3975 612 4011; x_wconf 75' lang='lat' dir='ltr'>erc</span> <span class='ocrx_word' id='word_1_324' title='bbox 631 3974 698 4012; x_wconf 79' lang='lat' dir='ltr'>corr.</span> <span class='ocrx_word' id='word_1_325' title='bbox 714 3976 748 4011; x_wconf 88' lang='lat' dir='ltr'>m.</span> <span class='ocrx_word' id='word_1_326' title='bbox 768 3960 793 4024; x_wconf 86' lang='lat'>1)</span> <span class='ocrx_word' id='word_1_327' title='bbox 807 3960 834 4013; x_wconf 88' lang='lat' dir='ltr'><strong><em>A</em></strong></span> <span class='ocrx_word' id='word_1_328' title='bbox 888 3960 959 4012; x_wconf 87' lang='lat' dir='ltr'>male</span> <span class='ocrx_word' id='word_1_329' title='bbox 978 3976 1038 4020; x_wconf 67' lang='lat' dir='ltr'>om„</span> <span class='ocrx_word' id='word_1_330' title='bbox 1058 3976 1091 4011; x_wconf 83' lang='lat' dir='ltr'>m.</span> <span class='ocrx_word' id='word_1_331' title='bbox 1107 3963 1123 4011; x_wconf 89' lang='lat'><em>1</em></span> <span class='ocrx_word' id='word_1_332' title='bbox 1141 3958 1206 4013; x_wconf 80' lang='lat' dir='ltr'>add.</span> <span class='ocrx_word' id='word_1_333' title='bbox 1222 3956 1262 4011; x_wconf 88' lang='lat' dir='ltr'>P²</span> <span class='ocrx_word' id='word_1_334' title='bbox 1314 3957 1423 4010; x_wconf 79' lang='lat' dir='ltr'>male-</span> 
     </span>
     <span class='ocr_line' id='line_1_35' title="bbox 271 4044 1424 4117; baseline 0.003 -21"><span class='ocrx_word' id='word_1_335' title='bbox 271 4045 351 4098; x_wconf 90' lang='lat' dir='ltr'>huins</span> <span class='ocrx_word' id='word_1_336' title='bbox 371 4062 432 4113; x_wconf 79' lang='lat' dir='ltr'>ona,</span> <span class='ocrx_word' id='word_1_337' title='bbox 450 4062 484 4099; x_wconf 82' lang='lat' dir='ltr'>m.</span> <span class='ocrx_word' id='word_1_338' title='bbox 506 4050 525 4099; x_wconf 89' lang='grc'><em>2</em></span> <span class='ocrx_word' id='word_1_339' title='bbox 544 4046 609 4103; x_wconf 83' lang='lat' dir='ltr'>cdd.</span> <span class='ocrx_word' id='word_1_340' title='bbox 630 4046 667 4100; x_wconf 69' lang='grc' dir='ltr'>Ρι</span> <span class='ocrx_word' id='word_1_341' title='bbox 759 4048 820 4100; x_wconf 89' lang='lat' dir='ltr'>..le</span> <span class='ocrx_word' id='word_1_342' title='bbox 841 4047 957 4101; x_wconf 87' lang='lat' dir='ltr'>uiuendo</span> <span class='ocrx_word' id='word_1_343' title='bbox 976 4052 1072 4117; x_wconf 86' lang='lat' dir='ltr'>pereat</span> <span class='ocrx_word' id='word_1_344' title='bbox 1090 4046 1198 4116; x_wconf 88' lang='lat' dir='ltr'>sibique</span> <span class='ocrx_word' id='word_1_345' title='bbox 1216 4048 1310 4115; x_wconf 75' lang='lat' dir='ltr'>spurio</span> <span class='ocrx_word' id='word_1_346' title='bbox 1327 4044 1424 4099; x_wconf 76' lang='lat' dir='ltr'>relecto</span> 
     </span>
     <span class='ocr_line' id='line_1_36' title="bbox 272 4134 1424 4201; baseline 0.001 -14"><span class='ocrx_word' id='word_1_347' title='bbox 272 4150 322 4187; x_wconf 88' lang='lat' dir='ltr'>om.</span> <span class='ocrx_word' id='word_1_348' title='bbox 347 4134 411 4187; x_wconf 68' lang='lat' dir='ltr'>PP‘</span> <span class='ocrx_word' id='word_1_349' title='bbox 518 4137 592 4190; x_wconf 85' lang='lat' dir='ltr'>mala</span> <span class='ocrx_word' id='word_1_350' title='bbox 615 4153 629 4189; x_wconf 87' lang='lat' dir='ltr'>e</span> <span class='ocrx_word' id='word_1_351' title='bbox 655 4136 780 4189; x_wconf 88' lang='lat' dir='ltr'>uenendo</span> <span class='ocrx_word' id='word_1_352' title='bbox 810 4140 853 4201; x_wconf 76' lang='lat' dir='ltr'>(aa.</span> <span class='ocrx_word' id='word_1_353' title='bbox 877 4140 893 4189; x_wconf 82' lang='grc'><strong>1</strong></span> <span class='ocrx_word' id='word_1_354' title='bbox 916 4153 984 4190; x_wconf 88' lang='lat' dir='ltr'>corr.</span> <span class='ocrx_word' id='word_1_355' title='bbox 1013 4135 1142 4199; x_wconf 83' lang='lat' dir='ltr'>uiuendo)</span> <span class='ocrx_word' id='word_1_356' title='bbox 1171 4134 1198 4187; x_wconf 86' lang='lat' dir='ltr'><strong><em>V</em></strong></span> <span class='ocrx_word' id='word_1_357' title='bbox 1275 4138 1308 4189; x_wconf 87' lang='grc'>16</span> <span class='ocrx_word' id='word_1_358' title='bbox 1332 4136 1424 4193; x_wconf 77' lang='lat' dir='ltr'>uobis,</span> 
     </span>
     <span class='ocr_line' id='line_1_37' title="bbox 270 4223 1537 4296; baseline 0.001 -20"><span class='ocrx_word' id='word_1_359' title='bbox 270 4240 303 4277; x_wconf 85' lang='lat' dir='ltr'>m.</span> <span class='ocrx_word' id='word_1_360' title='bbox 329 4226 348 4277; x_wconf 88' lang='grc'><em>2</em></span> <span class='ocrx_word' id='word_1_361' title='bbox 370 4240 456 4291; x_wconf 80' lang='lat' dir='ltr'>supro</span> <span class='ocrx_word' id='word_1_362' title='bbox 483 4242 528 4293; x_wconf 88' lang='lat' dir='ltr'>pro</span> <span class='ocrx_word' id='word_1_363' title='bbox 554 4226 605 4277; x_wconf 86' lang='lat' dir='ltr'>reis</span> <span class='ocrx_word' id='word_1_364' title='bbox 630 4226 663 4277; x_wconf 80' lang='lat' dir='ltr'>II</span> <span class='ocrx_word' id='word_1_365' title='bbox 684 4243 732 4295; x_wconf 91' lang='lat' dir='ltr'>pro</span> <span class='ocrx_word' id='word_1_366' title='bbox 758 4225 837 4278; x_wconf 90' lang='lat' dir='ltr'>uobis</span> <span class='ocrx_word' id='word_1_367' title='bbox 859 4228 887 4279; x_wconf 89' lang='lat' dir='ltr'><strong><em>A</em></strong></span> <span class='ocrx_word' id='word_1_368' title='bbox 993 4226 1025 4278; x_wconf 84' lang='lat'>17</span> <span class='ocrx_word' id='word_1_369' title='bbox 1049 4224 1088 4295; x_wconf 86' lang='lat' dir='ltr'>id]</span> <span class='ocrx_word' id='word_1_370' title='bbox 1112 4226 1153 4277; x_wconf 84' lang='lat' dir='ltr'>ita</span> <span class='ocrx_word' id='word_1_371' title='bbox 1177 4223 1216 4277; x_wconf 86' lang='lat' dir='ltr'>P²</span> <span class='ocrx_word' id='word_1_372' title='bbox 1319 4224 1349 4277; x_wconf 76' lang='lat'>18</span> <span class='ocrx_word' id='word_1_373' title='bbox 1373 4226 1424 4292; x_wconf 83' lang='lat' dir='ltr'>qui</span> <span class='ocrx_word' id='word_1_374' title='bbox 1536 4247 1537 4296; x_wconf 43' lang='lat' dir='ltr'>p</span> 
     </span>
     <span class='ocr_line' id='line_1_38' title="bbox 266 4311 368 4365; baseline -0.02 0"><span class='ocrx_word' id='word_1_375' title='bbox 266 4328 321 4365; x_wconf 88' lang='lat' dir='ltr'>om.</span> <span class='ocrx_word' id='word_1_376' title='bbox 343 4311 368 4363; x_wconf 88' lang='lat' dir='ltr'><em>L</em></span> 
     </span>
    </p>
   </div>
   <div class='ocr_carea' id='block_1_4' title="bbox 0 0 1561 4959">
    <p class='ocr_par' dir='ltr' id='par_1_8' title="bbox 0 0 1561 4959">
     <span class='ocr_line' id='line_1_39' title="bbox 0 0 1561 4959; baseline 0 0"><span class='ocrx_word' id='word_1_377' title='bbox 0 0 1561 4959; x_wconf 95' lang='lat' dir='ltr'> </span> 
     </span>
    </p>
   </div>
  </div>
 </body>
</html>
