3092 4959
362 394 628 462 epistularum
656 393 790 450 CXXXII.
819 395 965 452 CXXXIII.
1189 405 1228 467 81

73 605 155 650 cura
179 585 360 663 deduxerat,
385 607 403 650 a
424 590 481 652 tus
504 588 670 654 nobilitate
694 591 833 672 comperi
862 590 988 657 nuditus
1017 595 1050 657 et
1076 595 1231 677 plurimos

73 713 188 758 eornm
213 692 252 757 de
271 692 455 772 homicidio,
476 693 560 777 quod
579 695 610 758 in
629 694 839 760 Restitntum.
861 697 1052 763 catholicum
1071 700 1231 783 presbyte-

72 820 160 876 rum,
189 801 428 878 commiterunt
456 805 489 865 et
518 801 555 866 do
584 801 680 868 coede
708 803 894 880 Innocentii‚
923 806 1054 872 alterius
1083 807 1232 872 catholici

72 908 267 990 presbyteri,
286 911 381 990 atque
400 907 440 972 de
459 909 553 973 oculo
573 908 642 972 eius
661 909 778 974 effosso
799 912 831 974 et
850 910 951 996 digito
970 915 1112 995 praeciso
1130 915 1231 979 fuisse
1338 963 1340 968 ,

39 1037 53 1074 ⁵
74 1015 254 1080 confessos.
276 1014 358 1078 unde
380 1014 460 1079 mihi
483 1014 667 1080 sollicitudo
691 1016 828 1081 maxima
849 1017 979 1083 incussa
1002 1023 1061 1096 est,
1085 1041 1122 1086 ne
1150 1022 1232 1086 forte
1256 1043 1263 1058 ·

73 1122 263 1186 suhhmitss
286 1124 344 1186 tua
366 1125 495 1187 censeat
517 1141 572 1187 eos
595 1125 685 1188 tenta
708 1123 818 1207 legum
843 1126 1013 1192 seueritate
1036 1128 1231 1210 plectendos,

74 1234 125 1304 nt,
146 1228 255 1310 qualia
272 1229 424 1306 fecerunt,
443 1229 521 1294 talia
539 1229 710 1311 patiuntur.
733 1230 868 1313 ideoque
887 1231 938 1296 his
955 1232 1072 1298 litteris
1091 1235 1234 1300 obtestor

74 1335 175 1400 tidem
200 1339 300 1413 tuam,
320 1355 415 1419 quam
437 1336 535 1401 hahes
560 1336 591 1400 in
613 1335 750 1413 Christo,
770 1356 826 1419 per
848 1337 952 1420 ipsius
976 1339 1095 1406 domini
1114 1342 1232 1406 Christi

74 1442 341 1521 misericordiam,
368 1447 407 1508 ut
432 1442 493 1509 hoc
521 1461 579 1508 neo
602 1443 701 1508 suetas
724 1462 782 1508 nec
805 1443 873 1508 fieri
902 1447 1026 1511 omnino
1056 1447 1230 1531 permittas.

28 1573 57 1608 lu
76 1550 230 1632 quamuis
259 1550 341 1614 enim
370 1551 409 1615 ab
438 1570 546 1616 eorum
574 1551 705 1615 interitu
734 1550 935 1616 dissimulare
966 1572 1147 1636 possumus,
1177 1555 1232 1638 qui

75 1676 138 1720 non
164 1656 390 1721 accusantibus
413 1657 529 1722 nostris
554 1657 609 1720 sed
631 1656 760 1722 illorum
787 1659 919 1734 notoria,
940 1659 978 1724 ad
998 1681 1077 1742 quos
1095 1662 1232 1726 tuendso

75 1763 227 1846 publicae
267 1763 354 1846 pacis
394 1763 563 1848 uigilantia
602 1762 791 1848 pertinebat,
833 1767 1025 1847 praesentati
1064 1769 1233 1834 uideantur

76 1870 226 1949 examini,
255 1871 404 1935 nolumus
432 1873 538 1936 tsmen
566 1871 732 1954 passiones
761 1889 927 1937 seruorum
957 1873 1006 1938 dei
1038 1876 1128 1956 quasi
1161 1877 1231 1943 uice

75 1978 209 2042 talionis
223 1977 353 2060 peribus
368 1978 535 2060 suppliciis
550 1978 717 2056 uindicari,
733 1998 795 2044 non
811 1997 873 2062 qno
891 1979 1035 2046 scelestis
1049 1981 1232 2048 hominihus

29 2105 57 2144 ιε»
76 2083 242 2150 licentiam
261 2083 437 2150 facinorum
460 2086 684 2168 prohibeamus
709 2086 836 2162 auferri,
857 2086 912 2151 sed
937 2085 995 2151 hoc
1019 2089 1121 2172 magis
1145 2091 1231 2154 suffi-

76 2211 149 2255 cere
175 2190 336 2266 uolnmns‚
359 2194 398 2256 nt
418 2191 487 2256 uiui
512 2195 544 2256 ot
566 2192 655 2256 nulla
680 2193 820 2275 corporis
844 2197 932 2275 parte
956 2195 1092 2258 truncati
1116 2195 1170 2260 uel
1192 2197 1231 2260 ab

75 2296 301 2380 inquietudine
331 2299 441 2364 insana
478 2298 516 2363 ad
554 2299 699 2364 sanitatis
737 2299 838 2364 otium
876 2299 984 2381 legum
1023 2300 1231 2366 cohercitione

75 2404 257 2488 dirigentur
274 2405 327 2469 uel
346 2405 528 2490 amahgnis
548 2406 695 2488 operibus
715 2407 812 2472 alicui
831 2407 903 2472 utili
923 2409 1010 2490 opon'
1029 2408 1229 2491 deputentur.

75 2516 215 2576 uocatur
246 2510 373 2593 quidem
407 2516 439 2576 et
470 2513 535 2577 ista
566 2512 737 2590 damnatio,
770 2513 826 2579 sed
860 2514 931 2596 quis
969 2534 1028 2579 non
1065 2516 1230 2600 intellegat

28 2641 56 2680 eo
76 2618 183 2702 magis
215 2618 405 2684 beneficium
438 2639 533 2702 quam
565 2620 758 2703 supplicium
792 2621 1048 2702 nuncupandum,
1080 2623 1135 2686 uhi
1173 2640 1229 2687 nec

75 2723 244 2790 saeuiendi
270 2725 427 2790 relaxetur
453 2726 586 2791 audacis
617 2746 675 2792 nec
705 2727 886 2809 paenitendi
918 2729 1075 2793 medicIna
1107 2729 1227 2793 subtra-

74 2833 195 2896 hatur?

114 3058 128 3111 l
152 3055 291 3109 direxerat
307 3055 339 3110 E
390 3055 501 3110 suffitus
520 3060 549 3110 et
565 3057 698 3127 plurimus
716 3057 748 3111 F
763 3057 871 3112 ariditas
891 3061 919 3112 et
938 3059 1069 3128 plurimus
1088 3061 1114 3113 A
1151 3061 1167 3112 2
1186 3077 1227 3114 re·

75 3147 209 3200 stitutum
227 3144 373 3200 seductum
390 3163 424 3199 m.
443 3151 476 3199 uo
492 3146 552 3200 uid.
571 3149 591 3200 2
608 3146 639 3201 Ε
708 3148 724 3200 3
743 3145 898 3201 Innocentii
917 3165 967 3203 orn.
988 3149 1018 3202 Ε
1086 3149 1229 3218 presbiteri

75 3234 212 3289 catholici
229 3233 261 3286 E
328 3233 399 3288 4de
418 3249 469 3288 orn.
489 3233 520 3288 Ε
590 3234 733 3303 einsleius
751 3237 780 3289 A
871 3239 898 3289 et
918 3235 951 3290 de
971 3235 1058 3308 digito
1076 3236 1114 3289 P¹
1136 3237 1230 3305 fle-m

75 3327 93 3378 5
117 3325 238 3377 maxima
260 3323 415 3377 sollicttmlo
440 3322 477 3376 Μ
565 3325 685 3380 ttanta
706 3324 798 3393 logum
822 3325 975 3378 senentete·
993 3329 1102 3379 censeat
1129 3343 1174 3380 eos
1203 3327 1231 3380 E

76 3413 240 3466 Ilecerunt
261 3412 328 3465 talia
351 3413 383 3465 in
400 3413 462 3482 fine
478 3429 507 3468 ce.
526 3428 577 3466 om.
596 3413 623 3465 A
749 3413 850 3468 litteris
870 3429 920 3468 om.
940 3413 969 3468 E
1079 3415 1094 3468 8
1114 3414 1227 3484 domini]

76 3503 150 3555 enirn
170 3501 201 3555 Ε
279 3501 365 3554 tinec
382 3499 480 3570 facias]
499 3517 534 3554 ne
552 3499 637 3554 facias
655 3501 746 3555 MFA
827 3519 861 3555 ne
880 3501 947 3562 herl.
966 3519 1000 3556 m.
1021 3507 1040 3556 2
1058 3519 1108 3556 nec
1126 3503 1184 3557 fieri
1202 3504 1233 3558 Ε

77 3592 114 3645 10
133 3589 170 3644 ab
189 3588 363 3659 eolinteritu
381 3588 412 3642 Ε
511 3589 645 3658 possImns
663 3590 851 3659 Epossemus
870 3589 993 3644 PRP¹T
1009 3591 1100 3658 serm
1183 3593 1228 3660 qui

75 3680 145 3748 non]
166 3679 233 3747 quin
251 3677 282 3731 E
356 3678 388 3731 ll
408 3678 522 3746 nostris]
542 3677 622 3732 nobis
644 3678 669 3731 T
777 3680 885 3733 notaris
903 3678 1032 3734 MAP¹T
1049 3681 1185 3734 potatoris
1203 3681 1231 3736 R

75 3771 185 3834 notum,
211 3767 244 3820 in
269 3784 354 3836 marc.
382 3784 418 3821 m.
446 3772 479 3820 ut
504 3767 563 3821 cdd.
588 3765 651 3821 2l·
671 3767 706 3821 ad
732 3768 863 3821 notioium
883 3767 913 3820 E
984 3785 1008 3830 s,
1036 3785 1070 3822 m.
1099 3773 1118 3822 2
1146 3768 1180 3822 ud
1201 3767 1229 3820 P

115 3855 219 3911 tuendo
237 3855 269 3910 F
338 3856 371 3910 12
390 3855 527 3926 uigilem,
546 3859 616 3911 Μ
634 3856 781 3926 uigilantia
799 3856 829 3909 E
845 3857 991 3926 ulgilentie
1004 3856 1069 3909 ΜΕ
1117 3858 1149 3910 14
1169 3857 1227 3910 uin-

76 3945 171 3999 dIcsre
194 3945 226 4000 Ε
331 3944 440 4016 celestis
464 3943 494 3997 F
613 3945 646 4001 15
675 3944 878 4015 prohiheamus]
906 3963 960 3998 non
987 3945 1179 4015 prohiheamus
1201 3945 1232 3997 Ε

77 4035 114 4088 16
132 4037 212 4104 parte
231 4035 351 4103 corporis
368 4033 461 4088 ΕΜΤ
546 4033 578 4088 17
597 4035 705 4088 insonis
721 4034 750 4090 R
859 4035 1072 4089 cohercitstione
1090 4036 1117 4088 A
1136 4033 1228 4087 coher·

76 4125 158 4180 etone
176 4123 215 4177 Ρι
306 4123 340 4176 18
357 4123 567 4192 redigenturE
672 4139 758 4180 nom.
779 4125 805 4178 A
908 4140 998 4193 opere,
1017 4140 1051 4179 m.
1071 4125 1091 4176 2
1108 4123 1183 4193 operi
1201 4123 1232 4176 E

77 4210 493 4281 ltlsedsiqnis(niecp.)1'
561 4212 597 4266 20
614 4201 761 4267 ιιῶιιᾶυπι
780 4213 818 4266 P¹
895 4214 928 4267 21
950 4212 1126 4267 subtrahatur
1143 4209 1227 4266 medi-

77 4303 143 4355 cIna
162 4299 191 4354 B
208 4317 236 4354 m

106 4425 237 4466 xxxxnm
250 4425 311 4474 neg.
325 4428 381 4466 mo.
395 4424 419 4465 11
432 4436 484 4476 pue
498 4427 518 4465 s.
1176 4406 1192 4458 6
