3092 4959
258 419 327 482 490
618 414 644 469 S.
673 415 813 469 Aureli
842 414 1058 484 Augustini

259 614 387 675 tantum
416 610 567 695 gaudium
596 610 748 687 adcreuit,
776 613 814 675 ut
842 610 984 688 arbitrer,
1014 610 1098 693 quod
1126 610 1260 675 dimisso
1288 610 1415 693 proprio

259 738 393 802 corpore
417 720 448 782 in
472 737 579 782 meum
608 719 748 782 animum
777 718 942 803 ingressus
967 718 1011 783 sit
1033 721 1065 782 et
1087 717 1132 781 ibi
1155 717 1234 781 milri
1258 716 1415 798 quandam

262 825 462 889 luciditatem
501 824 697 908 praesentiae
735 844 811 890 suae
852 827 1002 907 praestet.
1046 824 1120 907 quia
1159 823 1346 889 liberatione
1382 830 1417 887 et

263 932 433 996 securitate
465 932 554 995 illius
586 932 681 996 nimis
715 932 851 1016 gaudeo,
889 931 952 997 dici
989 950 1051 996 non
1084 934 1199 1015 potest
1236 950 1297 995 non
1332 930 1416 995 enim

261 1040 367 1103 leuem
387 1040 415 1103 ei
435 1039 562 1103 exhibui
581 1039 830 1104 sollicitudinem
849 1040 965 1104 timens
985 1039 1081 1103 aetati
1100 1038 1324 1103 adulescentis.
1344 1058 1416 1101 nam
1451 1060 1463 1097 s

259 1146 374 1209 curaui
401 1166 437 1210 er
465 1165 502 1210 eo
536 1165 696 1227 quaerere,
729 1166 769 1210 ne
801 1146 882 1211 torte
915 1146 1050 1211 feminae
1083 1145 1268 1230 contagione
1300 1146 1416 1209 fuisset

260 1253 422 1334 pollutus:
456 1253 592 1317 liberum
626 1272 660 1317 se
693 1272 763 1318 esse
796 1257 934 1317 testatus
968 1256 1027 1327 est,
1064 1252 1167 1336 magis
1200 1255 1238 1316 at
1269 1258 1416 1317 nostrum

260 1358 415 1441 gaudium
439 1359 664 1423 cumularetur.
692 1359 818 1423 solutus
844 1361 893 1423 est
922 1376 1004 1442 erge.
1034 1358 1181 1441 exequias
1208 1358 1417 1439 praebuimus

259 1465 340 1528 satis
368 1464 570 1529 honorabiles
593 1469 627 1529 et
651 1465 761 1549 dignas
790 1470 898 1529 tantae
922 1466 1058 1539 animae;
1087 1484 1160 1529 uam
1187 1483 1244 1548 per
1272 1464 1414 1529 triduum

262 1570 387 1653 lryrnnis
417 1571 579 1636 dominum
609 1572 873 1636 conlaudauimus
903 1590 998 1654 super
1030 1572 1212 1654 sepulcrum
1246 1570 1349 1652 ipsius
1381 1576 1415 1635 et
1438 1598 1460 1629 o

260 1677 486 1759 redemptionis
511 1683 709 1743 sacramenta
730 1680 826 1743 tertio
851 1678 901 1742 die
926 1678 1112 1743 obtulimus.

216 1788 237 1849 3
307 1781 370 1847 Sed
399 1802 471 1848 ecce
499 1785 574 1865 post
601 1784 734 1848 biduum
763 1784 919 1867 quaedam
948 1784 1047 1849 uidua
1075 1784 1207 1849 honesta
1231 1782 1349 1849 Urbica
1376 1783 1415 1847 de

261 1889 460 1973 ligentibus,
489 1910 569 1972 quae
599 1890 765 1956 duodecim
794 1910 828 1955 se
857 1910 954 1956 annos
982 1890 1107 1955 niduari
1136 1890 1272 1967 dicebat,
1302 1890 1415 1955 ancilla

186 2070 192 2078 .
259 1996 322 2063 dei.
352 1997 508 2064 somnium
538 1996 621 2061 uidit
643 1998 717 2061 tale.
746 1998 838 2062 uidet
861 1998 1016 2079 quendam
1045 1997 1212 2062 diaconum
1244 2000 1316 2061 ante
1341 2016 1414 2079 qoa-

261 2103 436 2168 driennium
458 2123 587 2187 corpore
608 2108 751 2169 erectum
767 2124 838 2169 cum
857 2104 959 2169 seruis
975 2108 1007 2169 et
1021 2104 1145 2169 ancillis
1166 2104 1215 2168 dei
1235 2104 1414 2187 uirginibus
1433 2128 1455 2163 rs

261 2212 294 2272 et
313 2209 420 2274 uiduis
438 2211 591 2292 palatium
612 2230 809 2293 praeparare.
835 2211 1006 2276 ornabatur
1024 2215 1130 2275 autern
1150 2208 1204 2287 ita,
1230 2214 1269 2275 ut
1287 2210 1413 2275 claritas

258 2317 322 2380 loci
350 2317 506 2395 fulsisset,
535 2322 571 2382 ut
598 2319 689 2383 locus
721 2319 823 2383 omnis
854 2331 1022 2401 argenteus
1051 2320 1225 2401 putaretur.
1257 2304 1331 2382 cunr
1359 2316 1413 2379 illa

257 2424 438 2488 studiosius
458 2425 695 2509 interrogasset,
717 2426 841 2490 cuinam
860 2426 939 2490 haec
958 2430 1229 2509 praepararentur,
1252 2422 1413 2507 respondit

259 2532 314 2595 ille
334 2532 485 2597 diaconus
505 2553 612 2616 puero,
633 2535 687 2615 qui
706 2534 854 2598 hesterno
870 2533 1060 2615 adsumptus
1077 2535 1136 2608 est,
1157 2531 1222 2596 filio
1239 2529 1413 2615 presbyteri

258 2640 447 2720 praeparari.
478 2644 510 2703 et
538 2641 568 2704 in
599 2640 710 2705 eodem
737 2642 857 2724 palatio
886 2641 1043 2723 quendam
1074 2658 1181 2704 senem
1211 2638 1412 2703 candidatum
1432 2662 1455 2699 so

258 2746 455 2827 apparuisse,
489 2748 543 2829 qui
575 2747 702 2812 iuberet
734 2748 858 2812 duobus
892 2746 1079 2823 candidatis,
1117 2750 1154 2811 ut
1187 2748 1352 2829 pergerent
1381 2750 1413 2807 et

259 2868 375 2930 corpus
409 2851 550 2916 ablatum
584 2852 622 2917 de
655 2854 800 2935 sepulcro
835 2852 873 2916 ad
907 2852 1028 2915 caelum
1063 2853 1233 2915 leuassent.
1267 2866 1412 2931 cumque,

258 2955 374 3036 iuquit,
399 2958 436 3020 de
461 2960 606 3041 sepulcro
627 2978 741 3041 corpus
759 2959 877 3023 fuisset
895 2958 1100 3040 adsumptum
1121 2960 1215 3039 atque
1239 2958 1272 3021 in
1292 2956 1412 3021 caelum

260 3062 414 3141 leuatum,
438 3067 515 3129 rami
542 3085 683 3131 rosarum
703 3065 865 3150 uirginum
884 3100 928 3111 -
947 3065 994 3129 sic
1014 3064 1094 3128 enim
1116 3066 1244 3127 clausae
1264 3060 1413 3147 appellari

261 3169 365 3233 solent
388 3208 431 3217 —
456 3172 493 3236 de
518 3173 628 3238 eodem
654 3173 799 3254 sepulcro
825 3172 1009 3235 surrexisse.
1429 3196 1451 3235 e

216 3287 236 3347 4
306 3276 449 3353 Narraui,
492 3280 568 3362 quid
605 3280 702 3344 fuerit
739 3282 876 3362 gestum.
919 3278 1014 3343 modo
1052 3278 1269 3359 quaestionem
1308 3276 1412 3341 audire

262 3382 390 3464 dignare
420 3391 452 3450 et
479 3386 567 3460 doce,
597 3386 682 3468 quod
710 3404 837 3467 quaero.
866 3386 954 3467 cogit
982 3384 1064 3449 enim
1094 3404 1144 3449 me
1173 3385 1268 3449 istius
1294 3383 1413 3449 animae

299 3703 310 3753 l
334 3700 450 3753 arbitror
473 3699 529 3753 VU
545 3701 578 3754 ts
704 3702 720 3753 3
739 3699 904 3753 liberatione
924 3701 952 3755 et
971 3698 1113 3752 securitati
1138 3696 1194 3750 Vt?
1209 3696 1367 3751 liberationi
1386 3705 1413 3749 et

260 3790 402 3843 securitati
420 3790 448 3842 P
502 3789 536 3843 10
554 3789 639 3858 ipsius
659 3805 691 3841 ex
710 3789 767 3841 eius
787 3796 821 3841 ont.
842 3791 857 3841 1
875 3788 902 3840 P
957 3788 990 3840 13
1010 3786 1178 3855 fugientibus
1199 3784 1227 3838 P
1306 3785 1411 3839 uiduam

266 3876 320 3933 Vll
338 3877 398 3931 edd.
474 3878 507 3930 15
527 3881 635 3930 erutum
656 3894 721 3942 rm,·
735 3894 765 3945 p.
788 3878 856 3942 495,
877 3878 914 3929 12
933 3891 1043 3945 corpore
1063 3877 1123 3928 erat
1141 3878 1291 3943 exemptus,
1310 3874 1358 3927 sed
1375 3874 1410 3939 cs.

261 3968 338 4021 Ptin.
358 3968 434 4035 epist.
454 3966 494 4019 II
508 3969 552 4027 12,
572 3970 591 4017 3
611 3970 732 4019 erectum
752 3967 780 4019 et
800 3967 952 4033 exemptum
972 3962 1121 4017 honoribus
1140 3964 1287 4017 senatoriis
1326 3964 1358 4017 16
1376 3964 1414 4014 ita

260 4074 313 4109 ona.
333 4073 359 4109 m
415 4056 447 4108 11
467 4054 521 4108 loci
539 4056 714 4125 apparuisset
732 4053 856 4107 fulsisset
874 4053 1057 4123 (apparuisset
1076 4054 1149 4121 esp.)
1173 4052 1200 4106 U
1252 4053 1295 4122 ut]
1314 4058 1342 4105 et
1365 4048 1415 4103 l'l‘

261 4145 323 4200 edd.
379 4145 412 4198 18
431 4144 483 4214 lrec
501 4147 707 4213 praepararetur
720 4144 748 4196 P
764 4143 817 4197 boc
836 4146 1043 4213 praepararetur
1066 4140 1121 4196 VU
1137 4140 1213 4206 edd.,·
1231 4142 1332 4210 scripsi
1348 4140 1414 4193 haee

261 4238 486 4303 praepararentur
560 4234 592 4284 19
613 4235 719 4285 esterno
740 4233 767 4284 P
785 4234 893 4286 externo
921 4231 947 4285 V
964 4230 998 4283 tr
1083 4236 1260 4299 consumptus
1286 4229 1341 4285 Π*
1356 4228 1413 4285 edd.

261 4323 297 4375 ‘22
316 4322 441 4376 leuarent
457 4337 505 4374 ern
560 4322 595 4375 23
614 4322 698 4375 inisse
717 4322 745 4374 P
799 4322 833 4373 24
851 4336 940 4373 remos
965 4318 1021 4373 VU
1036 4319 1097 4375 edd.
