3092 4959
298 362 366 448 274
654 360 680 411 S.
709 357 846 412 Aureli
875 359 1092 427 Augustini

297 555 446 621 dominus
468 553 561 632 bone,
586 554 702 638 quibus
727 573 853 636 semper
876 555 921 620 sis
945 555 1058 632 bonus,
1084 558 1116 620 et
1139 575 1214 622 oum
1237 555 1293 622 illo
1324 561 1435 624 aeterno

295 663 390 728 niues
422 663 455 726 in
489 665 661 737 aeternum,
695 661 822 727 domine
855 661 1063 727 dilectissime
1097 666 1128 728 et
1160 664 1436 730 desiderantissimo

296 770 401 834 frater.
429 789 488 853 ego
517 772 624 832 antem
653 769 715 832 etsi
742 769 772 833 in
801 787 853 832 me
881 787 941 834 non
971 788 1108 852 agnosco
1139 771 1308 853 praeconia
1333 770 1371 836 do
1395 789 1437 834 me

296 881 361 955 tus,
385 893 465 959 quae
492 879 568 939 tuse
596 875 803 959 benignitatis
828 875 967 958 epistula
995 877 1144 955 eontinet,
1168 877 1318 944 beniuolo
1345 881 1436 942 temen

297 982 402 1046 animo
422 1001 498 1066 erga
516 981 722 1066 exiguitatem
741 999 845 1046 meam
863 982 1009 1066 ingratus
1034 1001 1183 1048 essenon
1202 1003 1335 1065 possum
1353 985 1436 1049 simul
1462 1007 1470 1041 r

298 1088 480 1165 admonens,
508 1092 546 1152 ut
572 1089 680 1171 potius
709 1073 865 1172 orespro
894 1108 955 1167 me,
981 1109 1043 1172 quo
1072 1090 1146 1155 talis
1170 1109 1187 1154 a
1212 1090 1338 1155 domino
1365 1090 1436 1166 fiam,

298 1195 425 1278 qualem
448 1215 500 1260 me
523 1195 588 1259 iem
611 1214 681 1260 esse
705 1195 878 1261 arbitraris.
1000 1199 1003 1208 '

343 1299 404 1388 [Et
424 1302 486 1367 alis
512 1299 633 1390 meum]
666 1303 790 1367 Memor
817 1303 917 1368 nostri
950 1303 1120 1368 incolumis
1153 1303 1281 1370 domino
1314 1305 1435 1387 placeas,

299 1408 425 1474 domine
449 1408 656 1474 dilectissime
681 1411 713 1473 et
736 1408 1029 1475 desiderantissime
1053 1409 1157 1476 irater.

798 1567 950 1634 CXLVII.

708 1691 757 1744 nn
780 1689 948 1746 rrnsuno
962 1669 1049 1747 'nno

825 1782 926 1822 LIBBR.

258 1871 275 1934 l
345 1871 469 1935 Memor
496 1870 605 1947 debiti,
634 1871 718 1954 quod
746 1890 783 1934 ex
810 1875 868 1936 tus
895 1871 1048 1954 petitione
1077 1874 1109 1936 et
1139 1891 1210 1936 mea
1242 1871 1434 1955 promissione

301 1978 422 2042 iactum
445 1982 505 2054 est,
525 1978 676 2062 religiosa
698 1979 820 2042 famula
843 1978 895 2042 dei
913 1979 1057 2056 Paulina,
1077 1979 1302 2061 persolutionis
1326 1993 1434 2060 quoque

187 2175 191 2181 '
280 2224 283 2228 A
338 2167 604 2221 2desideretissime
621 2166 718 2245 LL¹U
734 2185 761 2222 m
852 2168 979 2237 deciam,
998 2185 1033 2224 m.
1053 2171 1073 2222 2
1090 2168 1152 2222 dem
1170 2167 1203 2224 F
1293 2167 1371 2224 tideo
1387 2163 1436 2220 LU

303 2255 319 2308 9
334 2255 564 2310 desideratissime
577 2256 673 2312 LL¹U
685 2274 712 2312 m
784 2260 862 2327 peter
881 2261 924 2324 (m.
941 2260 961 2311 2
974 2261 1044 2326 exp.)
1062 2253 1147 2312 irater
1164 2257 1203 2312 L¹

414 2379 441 2432 T
463 2404 496 2425 =
516 2379 575 2433 cod.
598 2380 741 2435 Trecensr'a
760 2383 817 2434 813
833 2397 855 2434 s.
875 2381 932 2437 IX.

415 2467 449 2522 Τ1
463 2492 497 2514 =
517 2469 576 2522 cod.
603 2469 746 2524 Trecensie
768 2471 830 2522 804
853 2485 875 2523 s.
898 2471 941 2533 X,·
966 2469 1067 2524 desinit
1084 2487 1116 2539 p.
1140 2473 1209 2538 292,
1238 2475 1276 2524 12
1300 2471 1331 2523 in
1353 2465 1434 2520 uerbis

519 2556 599 2611 deum
619 2557 747 2612 uiderunt
765 2559 838 2628 quia.

414 2644 437 2699 0
464 2670 498 2690 =
517 2646 576 2699 cod.
595 2645 772 2700 Bodleiannr
794 2649 848 2700 516
865 2663 886 2703 s.
902 2647 932 2700 X
935 2667 943 2712 ;
964 2647 1036 2701 deest
1053 2647 1167 2701 initium
1185 2663 1272 2718 enque
1285 2647 1322 2702 od
1332 2663 1359 2716 p.
1372 2643 1432 2696 277·

519 2735 651 2788 arsisio.

412 2821 442 2874 H
465 2846 500 2869 =
519 2824 578 2877 cod.
597 2824 755 2878 Palatinus
774 2828 828 2878 211
844 2841 865 2877 a.
881 2825 918 2877 X.

411 2910 450 2964 M
466 2936 499 2956 =
519 2912 577 2968 cod.
596 2912 778 2967 Monacensis
799 2913 976 2966 6266611.

412 2999 443 3052 F
465 3025 499 3044 =
518 3001 577 3054 cod.
597 3000 819 3070 Suliebnryense's
837 3001 868 3053 X
885 3003 925 3054 29
942 3017 965 3057 a.
985 3001 1107 3056 X-XI.

414 3089 440 3141 A
466 3113 499 3134 =
520 3089 578 3143 cod.
598 3090 906 3157 Andomaropolitanne
927 3093 973 3152 76.
995 3095 1021 3152 8,
1043 3093 1098 3144 9⁸.
1117 3089 1241 3143 X-XI.

414 3179 441 3230 P
466 3203 500 3223 =
519 3179 579 3232 cod.
598 3179 751 3232 Per-'resinous
766 3195 833 3232 nou.
854 3195 911 3248 aeq,
932 3183 1009 3232 1444
1028 3195 1049 3232 s.
1069 3178 1124 3231 XI.

414 3266 441 3318 L
466 3291 499 3312 =
518 3267 577 3321 cod.
596 3267 768 3321 Marcianus
789 3269 849 3321 639
866 3283 887 3320 a.
908 3267 965 3320 XI.

343 3376 415 3444 Auo.
434 3375 557 3428 Retract.
577 3374 614 3428 ΙΙ
633 3378 680 3429 41:
703 3375 745 3427 Dc
769 3373 888 3428 nidendo
908 3374 958 3427 deo
979 3375 1074 3444 scripsi
1097 3373 1196 3428 librum
1212 3409 1382 3428 .........
1395 3365 1437 3418 hie

306 3463 378 3517 liber
395 3463 435 3517 sie
453 3464 550 3532 incipit
569 3463 683 3517 ‘Memor
703 3463 807 3517 debiti'.

343 3551 446 3621 Incipit
462 3551 532 3605 liber
550 3553 637 3606 sancti
657 3552 799 3620 angustini
818 3551 851 3606 de
870 3551 988 3605 uidendo
1003 3551 1054 3606 deo
1069 3549 1103 3606 ed
1122 3552 1260 3621 paulinam
1279 3547 1436 3605 dansnnsn

311 3640 362 3694 TL
380 3641 408 3692 in
426 3640 478 3694 hoo
497 3658 608 3710 corpore
628 3641 784 3695 continetur
800 3640 871 3694 liber
890 3641 977 3694 sancti
996 3640 1135 3710 augustini
1154 3639 1188 3694 de
1207 3637 1323 3694 nidendo
1345 3635 1388 3688 deo
1404 3629 1438 3684 sd

308 3730 448 3799 paulinam
470 3729 653 3784 clarissimam.
677 3730 776 3798 incipit
798 3729 869 3782 liber
892 3727 924 3782 de
949 3729 1067 3784 uidendo
1091 3729 1142 3784 deo
1170 3729 1205 3783 Τί
1229 3727 1341 3800 epistula
1359 3719 1438 3776 saneti

310 3818 450 3888 augustini
464 3818 498 3872 ad
511 3819 648 3888 penlinam
663 3818 697 3870 de
711 3817 830 3872 nidendo
846 3818 895 3872 deo
907 3817 939 3872 Η
946 3819 1012 3873 item
1025 3818 1124 3890 incipit
1138 3819 1257 3888 epistole
1270 3815 1349 3871 suncti
1362 3825 1437 3878 augu-

310 3907 375 3961 stini
389 3906 423 3961 ad
437 3907 575 3976 paulinam
591 3907 624 3959 de
640 3906 757 3960 uidendo
773 3907 824 3960 deo
834 3907 899 3961 ΜΡ
911 3909 952 3976 (in
966 3924 1052 3977 many.
1066 3925 1101 3961 m.
1116 3911 1135 3962 3
1149 3907 1182 3962 de
1197 3907 1312 3961 uidendo
1326 3902 1378 3965 deo)
1390 3895 1441 3950 ΑΡ

344 3997 497 4065 Inscriptio
515 3996 598 4049 nella
616 3997 706 4050 estin
724 3996 812 4054 codd..
830 3998 887 4051 nisi
905 3997 979 4066 qnod
995 3997 1117 4051 HMFA
1134 3996 1334 4065 praescriptus·
1350 3987 1439 4044 dudm*

309 4100 409 4139 nomen
434 4084 615 4152 Augustinus,
636 4085 711 4152 qnod
737 4085 810 4138 idem
833 4089 872 4138 est
896 4086 926 4138 in
950 4101 1005 4151 αις
1028 4085 1083 4156 filie
1107 4084 1216 4155 pauline
1240 4080 1387 4153 augustiuus
1401 4071 1437 4132 P:

310 4174 479 4243 Augustinus
497 4174 628 4227 Paulinae
648 4175 763 4227 salntem
776 4175 793 4240 f
800 4175 869 4227 tros
954 4175 986 4227 14
1004 4191 1022 4244 p
1040 4175 1206 4228 insolutione
1226 4177 1252 4237 (e
1270 4187 1323 4226 ros.
1340 4173 1362 4222 et
1377 4175 1438 4218 Μ·

310 4262 379 4328 nid.)
403 4262 428 4316 Τ
445 4262 588 4315 solutionis
607 4262 634 4315 L
