3092 4959
501 433 770 502 epistularum
800 433 917 490 CLXIX.
1223 436 1285 500 617

130 631 162 692 in
193 647 251 692 sna
279 629 392 692 natura
414 625 730 703 incommutabiliter,
758 629 789 692 in
815 649 877 712 qua
900 630 981 694 nihil
1005 630 1185 713 compositi,
1214 650 1287 694 oum

130 755 195 818 quo
221 734 380 799 subsistat
402 733 469 798 ulla
492 735 660 817 phantasia
684 737 815 800 humani
838 737 944 816 animi,
973 737 1202 819 suspicandum
1228 748 1288 802 est.

129 842 253 924 legitur
285 840 428 922 quidem:
462 842 507 904 llt
540 842 703 922 spiritus
738 843 952 924 sapientiae
981 845 1196 927 multiplex,
1231 845 1286 909 sed

129 951 219 1012 recte
249 947 365 1012 dieitur
394 947 489 1011 etiarn
519 948 667 1030 simplem
697 949 866 1032 multiplex
888 950 984 1027 enim,
1014 951 1163 1032 quoniam
1186 952 1289 1015 multa

94 1080 108 1117 5
131 1058 220 1130 sunt,
245 1073 327 1136 quas
348 1054 455 1132 habet,
480 1054 615 1138 simplex
639 1061 757 1132 autern,
783 1058 941 1139 quianon
967 1057 1064 1135 alind,
1085 1077 1180 1139 quam
1205 1058 1288 1140 quod

129 1162 240 1235 habet,
269 1165 328 1235 est,
359 1161 445 1224 siout
473 1160 578 1225 dictus
609 1165 658 1225 est
685 1161 771 1226 lilius
801 1163 938 1226 habere
963 1163 1081 1227 uitam
1105 1164 1142 1227 in
1167 1170 1288 1229 semet

129 1268 214 1349 ipso
235 1272 267 1331 et
286 1266 395 1331 eadem
415 1267 483 1331 uita
501 1268 569 1350 ipsa
595 1271 652 1332 est.
681 1269 777 1332 homo
798 1272 904 1332 autern
929 1269 1027 1334 uerbo
1053 1271 1201 1346 aooessit,
1226 1290 1286 1335 non

130 1376 266 1438 uerbum
304 1375 335 1437 in
373 1374 534 1438 hominem
573 1375 826 1440 sonuertibiliter
862 1377 1012 1450 aocessit;
1051 1381 1146 1458 atque
1178 1378 1225 1441 ita
1258 1382 1290 1442 et

131 1481 218 1544 iilius
252 1480 303 1544 dei
337 1481 435 1544 simul
468 1501 540 1544 oum
574 1482 701 1546 homine
735 1485 887 1564 suscepto
920 1482 1048 1547 dieitur.
1086 1483 1170 1546 unde
1203 1483 1288 1547 idem

82 1614 109 1653 ιο
131 1589 219 1652 lilius
251 1587 300 1651 dei
334 1588 606 1652 incommutabilis
641 1593 690 1652 est
723 1592 818 1670 atque
847 1593 1032 1653 coaptemus
1062 1590 1144 1672 patri
1173 1590 1229 1654 sed
1256 1590 1288 1653 in

108 1695 230 1758 uerbo
255 1695 324 1759 solo
350 1698 382 1758 et
406 1695 553 1776 sepultus
578 1699 628 1759 est
650 1695 736 1760 filius
761 1695 812 1759 dei
836 1696 947 1760 sedin
972 1715 1063 1760 earne
1088 1697 1167 1762 sola.

58 1814 78 1876 8
179 1801 324 1878 Proinde,
359 1821 440 1883 qnae
469 1801 507 1865 de
537 1803 601 1866 filio
632 1803 682 1866 dei
713 1803 811 1866 uerba
839 1803 999 1878 dicuntur,
1027 1803 1200 1867 uidendum
1230 1807 1288 1880 est,

131 1907 309 1971 secundnm
330 1907 406 1990 quid
426 1907 581 1972 dieantur.
606 1909 770 1973 nonenim
796 1907 923 1972 homino
948 1909 1118 1991 adsumpto
1141 1929 1290 1990 persona-

130 2033 202 2077 rum
222 2033 373 2079 numerus
394 2019 507 2078 auotus
528 2019 587 2090 est,
607 2015 663 2080 sod
684 2016 800 2079 endem,
813 2017 940 2080 trinitas
960 2017 1087 2081 mansit.
1113 2035 1184 2079 nam
1206 2017 1289 2081 siout

81 2147 109 2185 rs
130 2123 162 2185 in
202 2121 330 2185 homine
368 2121 513 2203 quolibet
549 2125 674 2204 praeter
710 2142 809 2186 unum
847 2122 951 2197 illurn,
994 2124 1046 2204 qui
1085 2124 1291 2207 singulariter

131 2232 306 2310 susceptus
327 2233 386 2304 est,
412 2227 517 2291 anima
536 2235 568 2293 et
588 2248 702 2312 corpus
723 2248 787 2292 nna
804 2248 939 2312 persona
958 2234 1017 2305 est,
1043 2231 1090 2294 ita
1108 2231 1140 2294 in
1161 2230 1289 2295 Christo

130 2336 266 2399 uerbum
288 2338 320 2398 et
342 2335 437 2399 horno
462 2354 524 2400 nna
547 2355 682 2418 persona
706 2340 765 2402 esi.
791 2341 824 2402 et
847 2337 932 2401 siout
954 2338 1049 2403 homo
1074 2338 1165 2401 uerbi
1187 2340 1289 2421 gratia

130 2441 344 2524 philosophus
378 2461 438 2506 non
472 2443 599 2525 utique,
618 2444 680 2507 nisi
713 2444 888 2508 seeundum
921 2445 1058 2508 animam
1088 2445 1205 2509 dicitur
1232 2464 1289 2509 neo

131 2549 203 2613 ideo
229 2551 333 2613 tannen
359 2549 495 2613 absurde
519 2550 575 2613 ssd
600 2551 888 2633 congruentissima
912 2554 945 2614 ot
967 2551 1182 2614 usitatissima
1203 2551 1289 2616 locu·

81 2681 112 2720 20
131 2655 219 2719 tione
252 2654 388 2719 dicimus
416 2656 643 2738 philosophum
681 2675 821 2733 oaesum,
856 2657 1081 2739 philosophum
1114 2662 1287 2734 mortuum,

130 2762 360 2844 philosophum
389 2764 562 2844 sepultum,
592 2782 665 2828 oum
688 2767 795 2827 totum
819 2764 995 2828 seeundum
1019 2784 1144 2828 earnem
1167 2764 1290 2828 aecidat

133 2888 195 2932 non
217 2869 392 2933 seeundum
412 2869 503 2945 illud,
528 2870 613 2951 qnod
637 2875 687 2934 est
710 2870 932 2952 philosophus,
957 2871 1003 2934 ita
1028 2870 1175 2935 Christus
1199 2871 1288 2936 deus

133 2975 185 3038 dei
214 2974 310 3040 lilius.
341 2977 488 3040 dominns
518 2977 638 3060 gloriae
667 2985 700 3040 et
729 2977 756 3041 si
782 2977 858 3058 quid
882 2979 979 3042 huius
1002 2978 1088 3042 modi
1113 2979 1288 3041 secundnm

134 3083 267 3147 uerbum
303 3083 420 3146 dicitnr
447 3087 479 3146 et
500 3087 612 3148 'tamen
637 3087 722 3148 reete
752 3085 870 3148 dicitur
897 3085 976 3149 deus
1004 3085 1183 3164 crucifixus,
1217 3104 1288 3149 oum

81 3215 112 3254 aa
134 3191 194 3253 hoo
219 3209 291 3254 eum
316 3191 490 3254 seeundum
515 3209 640 3254 oannem
664 3210 795 3274 passum
821 3210 892 3254 esse
916 3212 976 3256 nou
997 3191 1172 3256 secundnm
1196 3192 1288 3256 illud.

133 3295 220 3378 quod
244 3296 391 3360 dominus
416 3297 535 3381 gloriae
560 3301 620 3362 est.
644 3317 704 3362 non
730 3298 885 3361 habeatur
907 3299 1073 3363 incertum.

225 3595 242 3647 a
262 3593 325 3664 sap.
345 3596 370 3658 r,
390 3595 425 3646 aa
459 3557 463 3565 ¹
480 3596 496 3647 o
515 3594 573 3648 1011.
594 3597 619 3657 5,
638 3596 686 3658 aa
709 3595 751 3661 14,
771 3595 788 3648 o

174 3773 185 3824 1
207 3773 235 3824 in
255 3788 308 3840 quo
327 3771 354 3824 P
476 3789 536 3826 onrn
556 3789 608 3842 quo
629 3773 762 3825 subsistat
781 3789 841 3836 orn,
861 3791 894 3825 m,
915 3777 930 3826 1
948 3774 979 3825 in
997 3772 1051 3838 ins.
1070 3789 1153 3841 usurp,
1175 3773 1240 3826 occid.
1260 3774 1292 3826 H

134 3897 299 3952 ‘2nllaona
323 3896 349 3949 ,Τ
402 3897 484 3950 animi
503 3897 614 3950 hnmani
634 3897 667 3949 H
718 3898 821 3966 lquia
844 3897 871 3950 U
923 3877 1018 3950 'linita
1037 3876 1155 3966 estipse
1174 3897 1290 3964 (siculi

134 3989 150 4036 8
172 3985 390 4040 connerlibiliter
409 3987 436 4038 in
455 3986 592 4039 hominem
616 3986 699 4040 THR
708 3985 760 4040 VU
849 3987 889 4039 ita
909 3987 948 4054 et]
969 3991 998 4038 et
1016 3987 1056 4039 iti
1080 3985 1106 4038 U
1195 3988 1211 4038 9
1230 4003 1289 4038 curn

134 4078 264 4144 suscepto
283 4074 392 4128 homine
415 4072 558 4127 THRVU
631 4075 662 4126 ll
684 4080 712 4126 ot
729 4099 758 4124 u
777 4074 815 4129 lin
835 4079 918 4141 eras.)
942 4075 968 4126 V
1041 4076 1073 4128 16
1091 4075 1212 4127 ita-est
1229 4091 1289 4133 om..

134 4162 547 4232 m.1a'niof.mar9.odu.11
583 4164 614 4216 17
631 4163 754 4232 uerbum]
772 4151 820 4216 inu
840 4164 915 4230 (del.)
932 4164 1045 4216 uerbum
1068 4163 1094 4216 Τ
1147 4166 1180 4217 19
1199 4168 1291 4216 tamen

133 4253 247 4307 ideoT
318 4252 472 4321 22qnoR
545 4253 650 4306 251100
670 4254 741 4321 euin]
762 4269 822 4305 eum
842 4251 941 4307 hooT
1008 4255 1042 4305 26
1063 4269 1114 4321 qno
1138 4253 1189 4306 Tu
1201 4254 1291 4320 firm

135 4345 172 4412 ss.
193 4358 234 4410 ep.
258 4341 466 4395 CLXXXVII
486 4343 503 4394 9
