3092 4959
267 365 331 428 104
621 361 648 414 S.
676 360 815 414 Aureli
843 359 1061 429 Augustini

265 555 412 622 adierunt
433 557 611 621 mirabilem
637 555 865 638 quaestionem,
885 559 941 619 aut
960 574 1021 637 quo
1045 555 1139 619 modo
1164 555 1268 618 anima
1287 555 1412 634 sentiat,

265 663 322 726 ubi
344 682 405 728 non
428 663 522 741 uiuit,
546 667 602 726 aut
625 681 686 744 quo
709 661 806 727 modo
830 661 929 739 uiuat,
955 661 1009 726 ubi
1031 681 1093 726 non
1117 665 1176 726 est.
1200 679 1302 743 neque
1330 663 1412 726 enim

264 769 326 834 nisi
357 771 390 833 in
423 789 515 835 earne
548 789 606 832 sua
637 773 701 846 est;
735 768 833 832 sentit
865 772 971 833 autem
1004 768 1099 833 etiam
1132 773 1255 850 praeter
1287 787 1411 833 earnem

266 895 368 941 suam.
392 877 437 941 ibi
456 877 573 958 quippe
593 875 699 954 sentit,
724 876 780 939 ubi
805 874 902 952 uidet,
922 876 997 956 quia
1020 877 1051 938 et
1073 874 1182 939 uidere
1206 875 1323 940 sentire
1348 878 1410 944 est;

264 983 309 1047 ibi
334 982 439 1060 sentit,
459 982 515 1046 ubi
538 981 637 1058 audit,
657 981 732 1063 quia
751 985 784 1045 et
807 981 914 1045 audire
934 981 1049 1046 sentire
1069 985 1127 1046 est.
1148 985 1203 1045 aut
1222 1001 1295 1064 ergo
1316 983 1349 1044 et
1367 981 1411 1044 ibi
1438 1005 1449 1043 ε

265 1089 350 1153 uiuit
371 1107 407 1153 ac
431 1109 487 1170 per
514 1088 693 1152 boeotiam
718 1087 762 1152 ibi
787 1090 836 1152 est
864 1091 919 1152 aut
948 1089 1054 1164 sentit,
1084 1091 1116 1152 et
1142 1087 1199 1151 ubi
1226 1107 1286 1152 non
1317 1087 1410 1158 uiuit,

265 1203 321 1259 aut
343 1195 437 1273 uiuit,
462 1200 495 1259 et
517 1194 572 1260 ubi
595 1213 656 1258 uon
681 1199 740 1261 est.
764 1194 842 1259 haee
866 1194 971 1259 omnia
989 1195 1069 1258 mira
1088 1199 1175 1272 sunt;
1200 1194 1278 1258 nihil
1297 1193 1410 1258 horum

264 1301 421 1366 adfirmari
453 1302 521 1366 sine
554 1300 689 1384 quadam
717 1301 809 1365 uelut
836 1300 1031 1365 absurditate
1060 1303 1166 1383 potest
1193 1305 1227 1364 et
1254 1300 1291 1365 de
1316 1319 1410 1365 seusu

263 1408 425 1491 loquimur
441 1408 618 1472 morticino.
638 1407 714 1488 quid
732 1407 832 1492 igitur
850 1411 900 1472 est
918 1408 987 1490 ipsa
1007 1408 1111 1472 anima
1129 1409 1252 1490 praeter
1271 1407 1410 1489 corporis

265 1534 404 1593 sensum,
431 1514 464 1578 id
492 1518 543 1579 est
568 1515 599 1578 in
633 1518 749 1592 mente,
775 1533 836 1597 qua
868 1513 931 1578 ista
963 1513 1161 1578 considerat?
1192 1532 1294 1596 neque
1328 1514 1449 1577 enimn

264 1641 360 1686 sensu
384 1622 523 1703 eorporis
547 1621 585 1685 de
609 1622 688 1703 ipsis
712 1621 859 1685 sensibus
889 1622 1027 1703 eorporis
1050 1621 1179 1686 iudicat.
1204 1623 1237 1685 et
1259 1623 1409 1703 putamus

263 1727 356 1792 uobis
375 1727 414 1791 de
434 1726 662 1810 omnipotentia
684 1725 734 1790 dei
757 1725 941 1790 incredibile
961 1727 1082 1810 aliquid
1105 1726 1270 1805 dicisum
1294 1727 1410 1790 dicitur

263 1835 397 1899 uerbum
413 1833 473 1913 dei,
490 1853 547 1915 per
565 1833 649 1915 quod
664 1833 749 1897 faeta
768 1836 841 1897 sunt
861 1833 976 1911 omnia,
992 1833 1037 1898 sio
1058 1832 1275 1915 adsumpsisse
1294 1852 1408 1916 corpus

264 1961 300 2005 er
318 1940 441 2024 uirgine
457 1943 490 2004 et
508 1941 655 2004 sensibus
674 1940 858 2023 apparuisse
878 1939 1076 2018 mortalibus,
1096 1945 1132 2004 ut
1150 1940 1409 2006 inmortalitatem

264 2067 355 2112 suam
378 2068 438 2112 non
463 2047 647 2132 corruperit,
671 2067 692 2111 u
731 2047 949 2112 aeternitatem
973 2066 1032 2111 non
1058 2047 1239 2126 mutauerit,
1262 2049 1300 2112 ut
1323 2051 1408 2130 pote·
1426 2071 1448 2110 a

263 2158 380 2218 statem
403 2173 464 2218 nou
487 2154 648 2230 minuerit,
676 2157 714 2217 ut
736 2153 1042 2218 administrationem
1065 2154 1176 2218 mundi
1199 2173 1260 2218 nou
1285 2154 1408 2218 desem-

355 2294 388 2347 13
406 2293 464 2349 lob.
486 2295 510 2355 1,
532 2295 560 2358 15
580 2295 597 2346 3

301 2400 314 2453 1
335 2384 467 2453 affserunt
480 2400 516 2452 M
532 2401 647 2453 afferent
661 2398 685 2452 0
701 2402 746 2466 (m.
767 2403 786 2453 2
805 2399 972 2465 afferunth
1028 2401 1207 2470 anima—quo
1221 2401 1301 2454 modo
1317 2417 1367 2454 om.
1380 2399 1410 2452 K

299 2489 385 2542 sentit
407 2488 473 2542 TW
491 2492 537 2553 (m.
556 2493 576 2542 2
593 2490 706 2556 sentiat)
725 2489 759 2541 Η
777 2493 822 2554 (ne.
842 2493 860 2541 3
879 2489 991 2556 sentiat)
1010 2488 1047 2542 M
1063 2493 1106 2556 (m.
1125 2493 1142 2541 1
1160 2505 1230 2544 corr.
1247 2489 1359 2556 sentiat)
1372 2487 1408 2542 P¹

263 2579 279 2631 2
299 2579 371 2631 uiuit
389 2581 472 2645 (poet.
492 2579 520 2630 ui
538 2579 570 2631 in
587 2593 644 2631 ras.
662 2594 697 2630 m.
712 2581 742 2644 2)
761 2577 801 2630 W
815 2578 891 2631 uiuet
905 2577 938 2630 K
989 2577 1137 2647 quo-modo
1156 2578 1184 2646 (d
1203 2593 1272 2632 eras.
1286 2577 1357 2644 mid.)
1375 2576 1411 2630 W

264 2667 318 2721 ain
329 2683 408 2721 carne
419 2683 469 2719 sua
480 2667 532 2735 est]
544 2684 603 2720 cum
613 2667 642 2718 in
658 2683 736 2721 carne
750 2683 799 2720 sua
810 2673 852 2720 est
866 2667 968 2720 sentiat
977 2667 1010 2720 K
1061 2667 1264 2721 autemilletiam
1275 2669 1301 2734 (1
1311 2666 1329 2720 l.
1339 2682 1406 2720 erae.

261 2757 332 2823 aeid.)
355 2755 394 2810 W
450 2757 533 2810 etiam
552 2771 603 2810 one.
623 2755 657 2808 K
707 2758 820 2810 4suam
839 2771 890 2810 om.
910 2755 938 2807 P
993 2755 1043 2825 ibi]
1065 2756 1110 2809 ubi
1130 2755 1192 2809 ΒΗ
1244 2755 1302 2824 ubi]
1322 2755 1361 2808 ibi
1379 2753 1411 2806 Η

262 2848 279 2900 5
298 2845 337 2898 ibi
356 2844 579 2898 sentit—sentire
599 2848 640 2898 est
659 2848 707 2898 aut
725 2861 776 2901 om.
797 2843 830 2897 H
913 2843 952 2896 ibi
972 2845 1073 2915 quippe
1092 2844 1178 2898 sentit
1195 2845 1223 2898 B
1310 2845 1406 2914 quia-

263 2934 364 2987 sentire
384 2937 425 2987 est
443 2950 495 2988 om.
513 2935 541 2987 B
613 2933 652 2987 ibi
670 2933 743 2987 uidit
760 2934 832 2987 uiuit
851 2931 933 3000 (uidit
952 2932 1015 3000 del.)
1033 2933 1067 2986 K
1131 2933 1147 2986 6
1168 2933 1259 3002 etiam]
1281 2934 1362 2987 etiam
1382 2935 1408 2986 et

265 3021 315 3078 GR
332 3023 393 3076 edd.
466 3006 969 3090 auteuprorae.m.1Wau't(w
985 3023 1067 3088 eras.)
1082 3020 1119 3074 Μ
1207 3022 1244 3092 et]
1265 3025 1321 3084 aut,
1340 3025 1407 3074 m.3

263 3112 343 3166 etH
422 3129 476 3167 non
495 3112 577 3181 uiuit]
598 3129 651 3165 non
671 3111 795 3165 uiditK
883 3112 987 3166 lmira
1005 3128 1057 3166 em.
1076 3109 1110 3164 K
1178 3111 1272 3164 borum
1293 3111 1321 3179 (h
1340 3127 1362 3164 s.
1380 3127 1406 3162 a.

262 3219 297 3255 m.
316 3205 346 3268 2)
365 3201 405 3255 W
436 3202 453 3255 8
473 3201 613 3256 adfirmare
636 3201 675 3254 W
689 3205 734 3268 (m.
754 3205 773 3255 2
793 3201 938 3268 adfirmari)
957 3201 994 3254 M
1010 3205 1054 3269 (ns.
1074 3199 1114 3255 1?
1133 3217 1201 3256 corr.
1221 3200 1368 3266 adfirmari)
1382 3199 1406 3252 ,4

300 3291 440 3344 absurtate
455 3291 482 3342 A
501 3290 625 3353 absurde,
645 3307 714 3346 corr.
733 3296 778 3358 (m.
797 3289 848 3358 1?)
867 3290 1037 3345 absurditate
1050 3290 1086 3342 M
1157 3306 1249 3344 sensus
1261 3291 1332 3360 (suit
1346 3289 1407 3357 sla

146 3385 149 3390 '
263 3380 450 3447 9morticino,
469 3397 504 3433 m.
524 3383 543 3434 2
562 3380 691 3433 morituro
710 3380 743 3433 Η
828 3380 879 3449 est]
901 3384 928 3434 et
946 3379 979 3434 K
1067 3379 1185 3449 corporis
1204 3396 1232 3432 re
1252 3395 1360 3432 sensum
1379 3375 1410 3430 K

264 3470 297 3523 10
316 3468 344 3522 in
363 3472 454 3523 mente
473 3469 505 3522 K
522 3470 579 3523 sine
597 3473 690 3522 mente
712 3468 773 3523 ΤΡι
838 3486 905 3538 quae
927 3468 977 3523 CR
1040 3469 1104 3538 ista]
1124 3471 1168 3522 sta
1186 3467 1219 3522 K
1264 3469 1294 3522 ll
1315 3467 1405 3536 sensu]

262 3556 402 3612 sensusO
466 3558 590 3612 sensibus
608 3575 631 3612 s.
648 3574 677 3612 u.
696 3558 726 3611 D
792 3558 896 3612 indicat
915 3557 950 3611 Μ
1017 3560 1045 3612 et
1064 3574 1114 3611 orn.
1135 3558 1164 3610 D
1220 3557 1252 3609 12
1272 3555 1306 3610 de
1326 3555 1407 3610 omni·

262 3646 387 3717 potentia
405 3645 450 3699 dei
468 3646 546 3699 nobis
565 3647 661 3714 (aipais
679 3663 749 3700 coer.
767 3646 838 3713 uid.)
856 3647 883 3699 P
946 3645 990 3700 dei
1008 3662 1059 3700 om.
1079 3644 1112 3699 K
1168 3641 1407 3700 incredibile-dei

263 3753 314 3790 om.
337 3736 398 3790 ΤΡ1
470 3736 574 3806 aliquid
594 3737 647 3791 dici
665 3736 840 3791 incredibile»
857 3736 881 3790 0
897 3735 1000 3806 aliquid
1019 3735 1073 3789 diei
1091 3735 1277 3790 incredibilem
1291 3737 1329 3802 (m
1344 3733 1405 3798 del.)

262 3827 290 3880 R
309 3825 414 3894 aliquid
433 3826 594 3880 incredibile
612 3826 667 3879 dici
684 3827 712 3880 P
729 3825 887 3879 incredibile
907 3825 960 3880 dici
980 3824 1085 3893 aliquid
1098 3825 1158 3878 edd.
1211 3826 1243 3878 l3
1262 3840 1310 3893 per
1329 3839 1405 3892 quem

262 3912 301 3968 1²¹
361 3915 453 3967 omnia
471 3913 545 3968 iacta
563 3917 626 3967 sunt
644 3915 706 3968 edd.
723 3931 772 3969 aec.
792 3929 864 3970 sacr.
887 3915 938 3968 litt.
983 3915 1016 3968 14
1035 3914 1208 3966 inrnortatem
1232 3913 1257 3965 Τ
1298 3913 1331 3967 15
1349 3927 1405 3966 eor·

262 4003 401 4072 rumpent,
419 4021 454 4057 m.
474 4008 489 4056 1
510 4018 580 4056 corr.
599 4007 782 4073 corrumperet
803 4000 841 4056 W
893 4007 924 4056 ut
942 4006 971 4057 et
989 4002 1178 4056 aeternitatem
1197 4000 1226 4054 R
1279 4004 1311 4054 ut
1329 4003 1404 4070 pote·

263 4094 363 4146 statem
381 4107 436 4145 non
453 4091 583 4145 minuerit
600 4107 652 4147 om.
670 4091 704 4146 K
780 4095 916 4162 potestate
938 4090 1000 4144 ΤΡι
1084 4091 1116 4144 16
1136 4089 1405 4155 administrationem]

263 4179 536 4233 amministrationem
559 4182 708 4234 mutauerit
730 4179 890 4250 (mutauerit
912 4179 975 4250 del.)
994 4178 1027 4232 K
1132 4177 1295 4232 desseruerit
1314 4177 1405 4244 (alte

263 4272 344 4332 erae.)
369 4266 407 4320 W
423 4268 543 4321 deseruit
564 4267 590 4321 T
