3092 4959
273 385 339 448 232
627 383 654 438 S.
683 384 821 438 Aureli
847 383 1068 454 Augustini

274 577 391 660 aliique
419 577 549 661 plurimi
576 579 727 644 baeretici
756 581 813 645 scd
840 583 975 646 eundem
1006 601 1127 661 uerum,
1151 584 1317 664 aequalem
1343 581 1418 664 patri

273 687 306 772 et
319 688 520 750 coaeternum
536 687 752 771 ueraciterqne
766 688 928 753 hominem
941 689 1062 754 factum
1078 693 1110 754 11
1119 690 1246 754 uenisse
1261 689 1417 753 credentes

274 795 306 857 et
328 797 498 858 uenturum
527 797 738 876 expectantes,
768 796 824 861 sed
846 799 954 860 tamen
977 797 1198 882 ignorantes
1228 796 1287 860 dei
1317 795 1417 860 iusti·

273 899 365 963 tiam
389 902 426 964 et
449 919 555 965 suam
584 903 822 967 constituere
850 903 1038 968 uolentes.
1066 923 1169 985 neque
1197 904 1280 967 enim
1309 903 1418 967 frustra

273 1005 431 1082 nominee,
452 1026 522 1070 cum
548 1010 581 1072 et
602 1007 675 1072 illas
699 1013 969 1087 commemoraret,
990 1029 1069 1093 quae
1093 1029 1202 1074 secum
1226 1009 1418 1074 intrauerunt
1439 1029 1449 1069 s

274 1110 314 1177 ad
338 1112 476 1196 nuptias,
502 1116 534 1178 et
556 1114 639 1192 illas,
664 1119 773 1180 contra
796 1135 876 1199 quas
900 1118 1017 1181 clausit
1045 1119 1078 1181 et
1105 1116 1220 1199 quibus
1243 1115 1415 1199 respondit:

274 1217 411 1284 Nescio
436 1237 515 1298 noe,
539 1223 692 1304 utrasque
715 1221 857 1305 uirgines
881 1222 961 1287 dixit
988 1227 1117 1305 propter
1144 1223 1368 1287 continentiam
1390 1224 1417 1284 et

275 1326 415 1409 quinque
447 1329 575 1409 propter
606 1327 896 1410 concupiscentiam
929 1329 1031 1394 carnis
1068 1328 1250 1406 edomitam,
1284 1326 1417 1410 quinario

273 1431 449 1514 praeditam
469 1451 576 1510 sensu,
592 1436 717 1498 ornatas
736 1437 890 1517 utrasque
908 1434 1110 1520 lampadibus
1129 1437 1257 1518 propter
1270 1434 1417 1499 bonorum

275 1559 405 1622 operum
429 1540 592 1624 bonaeque
616 1542 866 1606 conuersationis
887 1542 922 1607 in
945 1544 1119 1624 conspectu
1145 1541 1309 1606 bominum
1336 1541 1417 1605 lucu·
1433 1561 1451 1597 u

273 1645 484 1712 lautissimam
512 1646 650 1724 laudem,
673 1651 828 1731 utrasque
856 1648 984 1713 obuiam
1013 1668 1129 1732 sponso
1158 1651 1270 1711 euntes
1297 1653 1419 1730 propter

274 1751 537 1837 expectationem,
574 1772 636 1834 qua
673 1751 792 1818 Christi
833 1757 979 1836 speratur
1016 1753 1188 1831 aduentus,
1225 1754 1281 1818 sed
1319 1758 1417 1818 tamen

275 1859 354 1923 alias
378 1859 537 1943 sapientes
561 1859 640 1924 alias
665 1861 792 1939 stultas,
817 1861 902 1943 quod
926 1863 1086 1943 sapientes
1110 1861 1216 1925 oleum
1245 1862 1418 1943 acceperint

273 1965 307 2032 in
334 1965 422 2030 uasis
452 1965 530 2045 suis,
560 1966 678 2030 stultae
707 1970 814 2030 autem
842 1966 903 2031 boc
931 1986 993 2031 non
1020 1968 1122 2032 ferant
1149 1985 1276 2039 seeum:
1303 1967 1335 2030 in
1357 1971 1417 2031 tem

274 2073 386 2138 multis
410 2091 500 2156 pares
524 2072 584 2138 hoc
603 2073 671 2137 solo
697 2091 749 2136 eas
774 2072 915 2156 dispares
940 2076 1105 2150 monstret,
1125 2073 1184 2137 hoc
1209 2073 1277 2138 solo
1298 2073 1417 2138 diuersa
1431 2093 1451 2133 o

276 2180 321 2244 eis
346 2183 379 2244 et
402 2179 557 2244 contraris
578 2180 708 2244 uomina
730 2179 860 2261 inponit.

209 2279 251 2342 84
321 2285 404 2365 Quid
439 2285 523 2350 enim
559 2288 625 2350 tam
663 2286 865 2352 coniunctum
907 2305 1001 2368 quam
1035 2285 1175 2370 uirgines
1208 2289 1241 2351 et
1272 2287 1417 2371 uirgines,

276 2393 415 2475 quinque
434 2397 467 2456 11
486 2392 634 2475 quinque,
653 2392 854 2475 lampadibus
874 2398 1012 2469 ornatae,
1032 2393 1157 2457 obuiam
1176 2411 1293 2474 sponso
1314 2396 1418 2458 euntes

276 2502 309 2563 et
331 2499 412 2563 istae
436 2499 587 2564 stillae?
616 2503 648 2564 et
671 2499 747 2582 quid
771 2501 838 2562 tam
866 2499 1058 2564 contrarium
1086 2516 1181 2580 quam
1210 2499 1370 2583 sapientes
1391 2504 1420 2563 et

276 2607 415 2670 stultae?
439 2605 593 2670 uidelicet
615 2604 699 2687 quod
723 2605 804 2671 istae
829 2606 935 2671 oleum
957 2605 990 2669 in
1017 2605 1115 2683 uasis,
1135 2607 1196 2670 boc
1223 2610 1276 2670 est
1302 2607 1418 2671 intelle·
1432 2628 1453 2666 a

276 2714 415 2799 gentiam
440 2713 559 2796 gratiae
583 2713 634 2776 dei
661 2715 790 2796 portant
816 2712 848 2776 in
877 2712 1027 2777 cordibus
1054 2713 1122 2776 suis
1150 2713 1299 2791 seientes,
1327 2711 1419 2796 quod

276 2839 369 2884 nemo
407 2838 490 2884 esse
526 2819 630 2902 possit
666 2819 880 2896 continens,
918 2818 993 2882 nisi
1031 2817 1122 2883 deus
1165 2818 1242 2896 det,
1280 2823 1316 2882 et
1356 2819 1418 2883 hoo

275 2926 398 3009 ipsum
430 2924 641 3007 sapientiae
673 2925 862 3006 deputantes
898 2924 1007 3005 seire,
1038 2925 1150 2990 cuius
1186 2925 1255 2990 boc
1291 2924 1420 2989 donum

276 3032 341 3105 siu
373 3032 447 3096 illae
481 3034 588 3096 autem
621 3031 765 3116 largitori
802 3031 943 3096 omnium
980 3030 1135 3096 bonorum
1172 3031 1316 3116 gratias
1354 3049 1417 3095 non

365 3276 478 3330 bitom.
499 3275 576 3344 loa
646 3274 841 3339 instabat,
863 3275 896 3328 12
964 3274 996 3328 21
1018 3275 1082 3344 Sap.
1100 3275 1125 3338 8,
1145 3275 1177 3329 21
1248 3275 1419 3332 alitent.

275 3364 382 3418 21-22
1530 3372 1531 3375 ’

314 3487 460 3559 laliique]
480 3487 564 3558 aliqui
582 3487 615 3542 N
666 3488 861 3558 aequalemque
879 3487 942 3541 cdd.
979 3486 1216 3542 bcommendaret
1230 3485 1287 3540 GT
1321 3488 1419 3556 oquae

276 3577 372 3632 ianuas
392 3577 490 3632 clausit
508 3577 568 3630 cdd.
623 3576 640 3630 8
659 3577 779 3646 quinque
797 3589 848 3629 om.
871 3575 897 3630 G
970 3575 1110 3642 domitam,
1126 3591 1161 3628 m.
1180 3579 1251 3643 11.)
1269 3591 1341 3631 corr.
1359 3573 1420 3629 edo·

275 3667 371 3721 mitam
398 3665 423 3717 Τ
511 3666 662 3719 comatus
684 3664 713 3720 R
805 3665 837 3717 ll
863 3680 963 3734 sponso
987 3664 1096 3718 obuiam
1117 3663 1143 3716 Τ
1250 3667 1377 3718 exeuntes
1393 3661 1425 3716 N

279 3756 312 3808 12
330 3755 425 3809 christi
443 3771 512 3818 roe.;
526 3755 590 3822 suit
608 3753 724 3808 christus
739 3753 766 3807 L
836 3753 869 3807 13
888 3753 1043 3822 acceperint
1060 3769 1130 3818 raa.,·
1143 3752 1206 3821 fuit
1224 3751 1423 3823 acceperuntb

277 3847 439 3914 acceperunt
461 3843 542 3898 OGY
562 3843 623 3898 cdd.
743 3842 983 3905 1411111111
1003 3841 1039 3908 (ἓ)
1059 3858 1128 3897 corr.
1146 3841 1238 3896 ferant
1260 3840 1283 3895 O
1304 3842 1423 3898 fecerant

278 3939 372 4001 (cem.
391 3933 499 3988 ataid.
518 3938 533 3986 1
552 3932 614 4002 del.)
637 3931 883 3987 Tlerebantedd.
955 3931 1024 4000 tam]
1043 3935 1152 3985 tanturn
1174 3931 1200 3983 Τ
1261 3929 1422 3986 151111111-

277 4027 348 4077 strat
366 4023 426 4078 cdd.
474 4023 507 4075 16
522 4027 587 4090 poet
606 4022 645 4076 cis
663 4037 720 4076 ros.
740 4024 812 4074 1-2
831 4021 848 4075 1.
872 4019 898 4072 Τ
941 4021 974 4073 11
994 4018 1192 4074 iniunctumO
1259 4025 1288 4073 et
1306 4020 1422 4089 uirgineo

277 4111 377 4168 om.T
431 4111 464 4165 19
484 4108 802 4164 statuissem-s*
859 4111 888 4164 et
906 4108 1110 4178 qnid-stultae
1129 4125 1180 4162 ora.
1198 4107 1233 4161 N
1282 4109 1423 4163 20111111

277 4217 329 4255 om.
348 4201 381 4256 N
440 4201 474 4254 22
493 4200 581 4270 possit
600 4215 659 4253 erse
678 4197 856 4254 1111111.
881 4197 960 4268 Vulq.
1025 4223 1039 4247 ι
1053 4197 1107 4251 nisi
1126 4195 1244 4265 (111111)
1267 4195 1293 4248 Τ
1378 4195 1423 4248 do-

277 4291 367 4343 minus
388 4289 445 4344 GT
