3092 4959
502 405 769 475 epistularum
799 404 945 460 CXLVIII.
1235 409 1300 476 339

144 599 309 666 anferatur
335 600 491 665 uelamen.
519 599 565 663 ibi
594 599 709 682 quippe
739 599 830 664 dicit:
865 597 941 664 Nos
973 603 1098 664 antem
1130 602 1301 666 reuoluta

143 708 245 773 facie
269 706 429 791 gloriam
453 705 595 770 domini
619 706 875 789 speculantes,
900 724 981 789 qnae
1004 705 1102 772 facies
1120 707 1152 773 in
1171 707 1300 774 Iudaeis

142 834 205 881 non
240 816 306 879 erat
327 814 481 891 reuoluta,
519 813 557 877 de
595 811 712 895 quibus
745 811 837 878 dicit:
876 812 1054 878 Velamen
1088 833 1201 897 snper
1237 835 1301 882 cor

144 941 271 987 eorum
300 921 469 1004 positum
497 924 565 997 est,
595 921 632 984 nt
659 917 810 985 ostendat
837 917 942 984 cordis
970 919 1086 985 faciem
1112 919 1204 986 nobis
1229 941 1300 987 esse

110 1027 320 1094 stenelatam
344 1027 503 1092 uelamine
527 1027 643 1091 ablato.
667 1031 840 1108 postremo,
865 1045 904 1090 no
924 1026 1094 1109 quisquam
1112 1027 1176 1092 ista
1194 1029 1299 1094 minus

140 1134 270 1198 intuens
298 1133 469 1216 minusque
498 1132 680 1198 discernens
708 1131 873 1199 nisibilem
902 1133 996 1197 deum
1024 1134 1078 1198 uel
1101 1134 1224 1218 angelis
1246 1136 1301 1200 uel

142 1240 339 1317 bominibus,
372 1260 446 1306 cum
473 1240 622 1323 aequales
655 1241 778 1324 angelis
811 1238 887 1305 facti
914 1241 1081 1319 fuerimus,
1115 1241 1185 1306 sine
1216 1261 1301 1308 nunc

142 1364 216 1413 esse
240 1348 310 1412 siue
333 1347 478 1412 futurum
503 1366 574 1412 esse
598 1347 750 1423 crederet,
775 1347 1028 1425 euidentissime,
1058 1347 1135 1429 qnid
1159 1349 1300 1421 sentiret,

143 1455 301 1536 expressit
324 1453 443 1530 dicens,
470 1453 555 1536 quod
578 1452 710 1518 ‘faciem'
727 1453 779 1517 dei
801 1453 889 1517 iuxta
911 1455 1042 1518 naturae
1066 1472 1142 1518 snae
1162 1455 1300 1538 proprie·

96 1589 124 1629 ιο
141 1563 244 1624 tatem
272 1560 361 1625 nulla
386 1559 498 1625 uideat
526 1563 670 1624 creatura
693 1563 726 1624 et
747 1562 825 1624 tnnc
854 1562 959 1624 mente
987 1563 1145 1638 cernatur,
1175 1561 1300 1643 quando

140 1667 317 1732 inuisibilis
338 1667 497 1733 creditur’.
519 1669 604 1732 unde
623 1666 819 1732 sufficienter
838 1665 1045 1750 significauit,
1065 1667 1189 1749 quando
1208 1667 1300 1733 uisus

143 1777 196 1838 est
213 1775 253 1839 ub
272 1774 454 1840 bominibus
472 1794 529 1859 per
547 1775 658 1840 oculos
679 1773 819 1858 corporis
838 1777 1003 1857 tamquam
1026 1773 1094 1856 ipse
1118 1792 1300 1858 corporeus,

141 1899 206 1946 non
236 1900 310 1945 enrn
337 1881 512 1946 secundum
541 1884 672 1945 naturae
700 1899 778 1945 suae
801 1879 1026 1964 proprietatem
1057 1879 1158 1945 fuisse
1181 1881 1300 1958 uisum,

140 1987 174 2052 in
196 2005 259 2069 qna
282 1990 359 2052 tunc
377 1992 483 2052 ments
502 1988 650 2066 cernitur,
676 1986 802 2070 qnando
821 1986 995 2051 inuisibilis
1015 1987 1161 2052 creditur.
1184 1987 1298 2070 quibus

97 2123 124 2162 a
141 2093 318 2159 inuisibilis
336 2093 399 2158 nisi
419 2095 601 2177 aspectibus
625 2094 843 2176 corporalibus
866 2094 962 2158 etium
987 2092 1191 2168 caelestibus,
1215 2094 1301 2158 sicut

144 2220 243 2285 supra
275 2201 313 2266 de
350 2201 472 2285 angelis
505 2205 538 2264 et
572 2201 795 2266 Potestatibns
828 2203 859 2264 et
896 2199 1174 2265 Dominationibus
1211 2199 1300 2278 dixit,

143 2312 263 2391 quanto
287 2307 391 2392 magis
415 2307 642 2373 terrestribus?

73 2419 95 2482 9
188 2414 280 2481 Unde
303 2415 366 2479 alio
389 2416 460 2479 loco
485 2412 666 2478 euidentius
691 2412 784 2477 dicit:
812 2413 894 2477 ‘Non
923 2413 1029 2477 solum
1056 2412 1157 2497 patris
1186 2411 1299 2478 diuini-

139 2523 243 2585 tatem
275 2521 332 2585 sed
364 2539 403 2585 ne
435 2521 493 2585 lilii
526 2520 655 2603 quidem
684 2523 717 2584 et
747 2519 879 2601 spiritus
913 2520 1026 2598 saneti,
1059 2538 1140 2602 quae
1172 2539 1236 2583 una
1267 2521 1298 2584 in

57 2683 62 2692 .
92 2655 121 2696 zo
138 2627 286 2692 trinitate
314 2632 427 2691 natura
454 2631 514 2702 est,
542 2645 637 2710 posse
666 2626 777 2692 oculos
807 2625 908 2690 carnis
938 2626 1079 2708 aspicere
1108 2625 1164 2690 sed
1188 2626 1298 2692 oculos

136 2735 268 2811 mentis,
297 2735 337 2799 de
365 2733 481 2817 quibus
509 2734 578 2816 ipse
606 2735 750 2798 salustor
776 2731 835 2796 ait:
871 2732 980 2797 Beati
1012 2732 1148 2796 mundo
1177 2733 1297 2810 corde,

137 2841 317 2925 quoniam
348 2839 425 2923 ipsi
458 2839 565 2904 deum
598 2839 805 2904 uidebunt’.
839 2837 915 2921 quid
947 2838 1008 2903 huc
1040 2839 1298 2903 manifestatione

136 2947 302 3012 lucidius?
335 2948 364 3012 si
393 2947 475 3012 enim
503 2949 629 3012 tantum
657 2946 752 3011 modo
783 2945 915 3010 dixisset
942 2964 1000 3010 nec
1027 2945 1127 3028 patris
1155 2963 1212 3008 nec
1239 2943 1298 3008 filii

133 3073 197 3120 nec
225 3053 358 3138 spiritns
387 3055 487 3119 sancti
518 3053 720 3118 diuinitatem
751 3071 845 3137 posse
879 3053 989 3117 oculos
1023 3053 1124 3116 carnis
1158 3051 1298 3132 aspicere

89 3192 116 3231 as
135 3180 196 3226 nec
226 3159 374 3242 deinceps
403 3159 580 3225 addidisset
611 3160 678 3224 ‘sed
711 3161 822 3224 oeulos
854 3159 992 3238 mentis‘,
1026 3158 1107 3223 forte
1140 3157 1298 3222 diceretur

135 3286 265 3334 carnem
283 3267 349 3332 iam
367 3286 429 3332 non
450 3286 521 3332 osse
541 3266 774 3351 appellandum,
801 3285 873 3330 cum
894 3285 1009 3348 corpus
1028 3265 1125 3329 fuerit
1144 3263 1296 3348 spiritale.

229 3469 370 3527 11100r.
391 3472 416 3540 s,
436 3471 470 3525 rs
559 3469 749 3533 sumas,
771 3473 804 3524 15
896 3431 1295 3541 9-11=p.3ss,io-1a

134 3563 171 3616 18
190 3559 303 3615 Hieron.
323 3565 466 3614 comment.
486 3559 513 3613 in
533 3559 579 3615 lla.
600 3577 622 3614 o.
641 3559 684 3613 lll
703 3577 728 3616 n.
750 3561 763 3614 1
787 3557 890 3630 (Migne
910 3559 1008 3629 patrol.
1028 3560 1076 3613 lut.
1096 3559 1185 3614 XXIV
1204 3579 1231 3632 p.
1252 3561 1295 3623 93,

133 3654 220 3720 2-6)
275 3651 307 3704 21
328 3650 430 3704 Maron
449 3649 511 3720 5‚8

173 3780 190 3832 3
213 3793 269 3831 non
292 3792 354 3844 ocu,
377 3792 399 3831 e.
421 3791 451 3831 ae.
473 3793 508 3832 m.
533 3781 549 3829 1
572 3775 638 3829 add.
658 3773 696 3836 P¹
828 3791 874 3828 cor
898 3776 1002 3844 eorum]
1028 3791 1073 3828 cor
1092 3791 1185 3828 eornm
1205 3791 1250 3828 cor
1274 3774 1301 3826 V

131 3869 151 3922 4
171 3864 302 3932 ostendit,
321 3881 409 3933 supra
426 3882 462 3920 m.
481 3868 497 3920 1
515 3863 581 3919 odd.
595 3863 724 3919 ostendat
738 3863 775 3917 Ρ1
812 3864 828 3916 8
844 3864 967 3918 crederet
985 3880 1046 3929 ona,
1061 3881 1095 3916 m.
1110 3869 1142 3917 ut
1156 3863 1214 3918 uid.
1233 3867 1252 3916 2
1267 3863 1297 3916 in

132 3971 222 4025 murp.
242 3953 309 4010 odd.
328 3953 365 4009 Ρ1
438 3954 572 4024 expressit
590 3953 657 4023 qnid
676 3953 792 4006 sentiret
810 3953 838 4006 P
926 3953 942 4008 9
963 3951 1007 4005 dei
1026 3952 1056 4004 in
1070 3953 1132 4020 fiae
1149 3969 1177 4004 u.
1198 3969 1249 4006 ona.
1269 3952 1296 4006 R

135 4045 171 4099 10
191 4047 300 4098 cretnra
318 4041 349 4095 F
433 4042 464 4096 ll
486 4042 620 4110 credatur,
638 4059 673 4098 m.
691 4047 707 4095 1
725 4057 796 4096 corr.
817 4040 983 4096 crediturR
1054 4043 1085 4096 13
1105 4041 1188 4094 tuisse
1208 4043 1295 4094 uisum

133 4149 187 4188 oon.
212 4129 251 4185 P¹
273 4134 319 4200 (m.
343 4134 365 4186 2
385 4131 419 4185 ia
439 4147 527 4199 marp.
552 4131 629 4198 add.)
652 4130 679 4183 V
699 4136 743 4194 (m.
765 4135 780 4182 1
802 4131 834 4182 in
852 4145 938 4198 marp.
964 4128 1040 4196 add.)
1134 4129 1165 4182 18
1186 4129 1252 4182 dixit
1271 4131 1298 4182 P

135 4221 171 4276 19
190 4223 237 4291 ne]
258 4220 434 4274 eineAnec
455 4219 559 4275 Vedd.
574 4225 722 4289 praeterr
803 4206 854 4282 ms,
874 4235 943 4274 corr.
963 4206 1051 4272 {RF
1130 4219 1211 4286 quae]
1232 4218 1297 4286 quia
1374 4255 1379 4266 .

132 4311 254 4366 Biana.
311 4309 345 4363 26
365 4309 516 4378 spiritalem
536 4313 571 4375 (m
591 4313 664 4378 exp.)
682 4307 714 4362 F

1206 4410 1257 4463 22·
