3092 4959
424 337 689 406 epistularum
719 337 835 392 CXLIV.
860 337 962 394 dxcv.
1202 345 1265 408 267

116 534 277 616 profectos
301 536 335 596 st
357 537 446 597 tenta
468 533 560 598 nobis
583 533 800 599 familiaritate
824 535 1011 600 coniunctos
1036 537 1181 619 ignorare
1209 556 1271 601 non

116 659 241 722 posses,
266 639 364 704 simul
387 639 483 704 etiarn
503 641 578 722 quia
596 643 823 723 rescriptorum
843 641 967 706 debitor
984 643 1041 708 fni.
1061 663 1134 708 nam
1153 663 1189 708 er
1209 663 1271 726 quo

117 747 243 830 sumpsi
274 747 445 830 epistulam
477 752 577 825 tuam,
607 747 669 811 nisi
700 767 784 813 nunc
816 749 954 832 primum
987 750 1189 833 rescripsisse
1221 769 1272 814 me

116 853 240 929 nescim
264 854 364 918 tontis
387 854 470 918 enim
495 855 580 919 curis
604 855 750 920 obstricti
768 859 801 920 et
820 855 951 920 distenti
975 877 1097 934 sumus,
1118 859 1156 921 ut
1178 856 1273 920 etiam

86 961 181 1025 shoc
204 961 355 1025 nesciam.

53 1063 71 1122 2
162 1068 265 1132 Vobis
289 1072 396 1132 autem
420 1089 514 1150 quern
539 1068 733 1134 admodum
757 1069 801 1134 sit
824 1073 857 1133 et
879 1073 987 1134 rutrum
1012 1071 1104 1135 uobis
1134 1071 1273 1153 aliquam

108 1175 273 1257 requiem,
301 1179 454 1256 quantum
482 1176 514 1239 in
542 1176 602 1239 hoo
628 1180 713 1240 terra
739 1178 858 1257 potest,
888 1176 1034 1240 dominus
1066 1176 1273 1258 praestiterit,

116 1281 214 1346 ualde
254 1301 349 1346 nosse
390 1283 550 1364 cupimus,
593 1283 751 1366 quoniam,
794 1283 826 1346 si
869 1283 1116 1367 glorificatur
1161 1301 1274 1346 uuum

116 1386 337 1454 membrum.
363 1387 601 1470 congaudent
624 1389 746 1452 omnia
768 1388 933 1452 membra
956 1393 1051 1469 atque
1070 1389 1117 1454 ita
1133 1391 1275 1473 plerum·

73 1516 98 1554 10
117 1512 184 1576 que
209 1493 374 1576 contingit,
395 1497 440 1568 ut,
461 1493 536 1557 dum
560 1493 684 1575 aliquos
703 1494 815 1558 iratres
835 1498 961 1559 nostros
979 1496 1011 1559 in
1032 1497 1275 1577 quantulacum-

117 1620 184 1684 que
215 1599 325 1682 requie
359 1599 551 1663 constitutos
584 1599 616 1662 in
649 1598 762 1662 mediis
795 1601 912 1664 nostris
945 1600 1157 1667 anxietatibus
1191 1603 1276 1686 cogi-

116 1713 240 1783 tamus,
267 1725 328 1770 non
360 1725 461 1788 parua
492 1724 528 1769 er
560 1709 649 1787 parte
682 1724 868 1784 recreemur,
897 1710 1060 1790 tamquam
1093 1711 1126 1772 et
1153 1729 1211 1774 nos
1243 1709 1276 1773 in

116 1814 203 1896 ipsis
231 1814 372 1896 quietius
399 1813 666 1896 tranquilliusque
698 1813 858 1877 uiuamus.
892 1815 1039 1896 quamuis
1073 1816 1167 1879 etiam
1203 1833 1274 1879 cunr

115 1920 289 1985 molestiae
325 1921 358 1985 in
394 1921 491 1984 huius
529 1922 615 1986 uitae
651 1920 825 2004 fragilitate
866 1920 1078 1992 crebrescunt,
1117 1927 1276 1986 aetemem

70 2056 93 2092 15
114 2027 262 2110 requiem
304 2046 361 2092 nos
404 2027 581 2092 desiderare
624 2027 827 2111 compellunt.
872 2027 1010 2092 mundus
1053 2030 1169 2112 quippe
1215 2030 1276 2093 iste

113 2134 331 2218 periculosior
359 2137 408 2198 est
435 2134 570 2200 blandus
600 2155 693 2217 quarn
722 2134 879 2199 molestus
909 2141 941 2199 et
967 2135 1070 2218 magis
1105 2135 1276 2212 cauendus

117 2261 197 2307 cum
223 2260 257 2305 se
279 2241 384 2304 inlicit
406 2241 507 2326 diligi,
532 2261 627 2324 quarn
652 2261 725 2306 cum
749 2241 899 2306 admonet
926 2242 1077 2324 cogitque
1106 2241 1276 2308 contemni.

115 2368 198 2414 nam
223 2367 304 2412 curn
329 2348 460 2425 omnia,
485 2367 577 2430 quae
601 2349 638 2412 in
658 2349 715 2412 illo
736 2352 833 2424 sunt,
859 2348 1175 2430 eoncupiscentia
1198 2349 1279 2412 sint

116 2455 250 2521 carnis
269 2459 306 2517 et
325 2456 639 2537 concupiscentia
663 2456 859 2518 oculorum
880 2459 917 2518 et
936 2455 1092 2520 ambitio
1119 2454 1277 2529 saeculi,

65 2591 95 2629 20
116 2581 220 2645 saepe
257 2562 351 2626 etiam
389 2562 450 2637 his,
484 2563 538 2642 qui
574 2561 693 2626 talibus
731 2561 898 2644 spiritalia,
936 2561 1120 2634 inuisibilia,
1154 2565 1280 2626 aeterna

116 2671 333 2753 praeponunt,
357 2668 468 2734 inserit
486 2688 520 2732 se
538 2672 680 2732 terrenae
700 2669 871 2732 suauitatis
894 2669 1026 2733 affectus
1047 2671 1079 2732 et
1098 2668 1280 2733 delectatio·

115 2776 220 2840 nibus
246 2775 313 2840 suis
336 2779 444 2840 nostra
467 2775 638 2840 comitatur
660 2773 773 2840 officia.
804 2779 920 2858 quanto
950 2775 1033 2839 enirn
1058 2779 1133 2838 sunt
1156 2775 1281 2839 caritati

116 2880 236 2949 futura
258 2883 398 2960 meliora,
418 2885 507 2947 tanto
532 2885 609 2947 sunt
626 2881 804 2946 infirmitati
825 2882 1014 2947 uiolentiora
1038 2881 1225 2964 proesentis.
1250 2883 1282 2944 et

116 2990 250 3054 utinam
283 2989 327 3067 hi,
362 2989 414 3072 qui
448 3007 484 3053 ea
522 2989 628 3054 uidere
662 2993 695 3053 et
725 3008 851 3073 gemere
889 2993 1056 3064 nonerunt,
1090 2988 1216 3051 uincere
1250 2991 1282 3051 et

67 3127 98 3167 25
119 3097 265 3163 euadere
287 3099 479 3160 mereantur!
505 3095 590 3178 quod
613 3096 681 3160 sine
704 3095 754 3159 dei
780 3096 882 3178 gratia
905 3095 993 3159 nullo
1013 3095 1107 3159 modo
1130 3093 1281 3158 uoluntas

218 3357 236 3409 8
255 3356 269 3409 I
288 3353 348 3410 Cor.
369 3358 411 3420 12,
430 3357 465 3411 26
522 3358 555 3411 18
574 3357 589 3411 I
607 3357 665 3411 Iob.
685 3359 710 3419 2,
732 3358 765 3410 16

161 3532 289 3600 2possis
308 3530 398 3585 ΜΔΕ
416 3530 475 3584 edd.
490 3537 644 3598 praeterire
698 3531 773 3599 quia]
792 3531 884 3599 queA
921 3531 1049 3598 4uestio‚
1064 3533 1238 3585 m.2nescio
1255 3533 1282 3586 P

162 3619 305 3676 obstriaoti
324 3623 353 3686 (n
371 3637 441 3675 cros.
462 3617 488 3687 ἓ)
506 3621 536 3674 F
571 3621 686 3689 liquem
705 3618 827 3673 nondum
847 3620 884 3671 sit
903 3621 928 3671 A
972 3620 1005 3673 10
1024 3625 1055 3672 ut
1073 3637 1123 3676 om.
1138 3620 1282 3675 PMFAR

162 3707 278 3778 aliquod
296 3708 327 3762 F
328 3710 351 3760 A
437 3709 639 3777 quantulacum,
657 3727 692 3761 m.
713 3712 733 3761 2
751 3707 971 3777 quantulacumq.
991 3708 1019 3760 P
1092 3709 1121 3761 ll
1142 3710 1235 3777 requie
1253 3709 1284 3762 iro

111 3802 185 3872 fine
203 3815 230 3851 a.
251 3813 304 3853 om,
323 3799 350 3850 A
408 3798 509 3857 nostris
528 3813 589 3861 om,
607 3815 641 3850 m.
661 3801 677 3850 1
696 3796 761 3850 add.
781 3797 811 3850 F
853 3797 886 3849 12
906 3812 1059 3850 recreamur
1077 3797 1139 3849 MA
1176 3799 1210 3850 13
1225 3797 1283 3865 qui·

118 3896 202 3953 etus,
218 3905 255 3943 m.
274 3891 290 3939 1
308 3902 377 3941 corr.
397 3887 516 3955 quietius
535 3886 566 3940 F
644 3902 723 3954 quarn
746 3889 808 3946 (om.
828 3886 883 3955 uis)
901 3886 929 3938 P
999 3887 1030 3938 17
1051 3885 1189 3954 cuminum
1210 3901 1238 3938 se
1257 3886 1285 3940 R

118 3981 161 4035 18
183 3975 406 4046 concupiscentie
423 3975 461 4028 Μ
545 3975 633 4028 carnis
652 3975 708 4028 sint
726 3976 753 4027 A
828 3975 860 4028 19
881 3973 1105 4044 concupiscendo,
1124 3991 1159 4029 m.
1180 3978 1195 4027 1
1215 3989 1284 4028 corr.

117 4065 410 4138 concupiscentiam
474 4065 509 4119 20
527 4065 562 4118 iis
576 4064 675 4132 firm
742 4067 781 4120 21
798 4082 826 4117 se
846 4080 897 4117 om.
917 4065 944 4116 P
1010 4064 1045 4116 22
1065 4063 1240 4116 commitatur
1259 4063 1288 4114 F

117 4157 320 4215 committatur
337 4155 365 4208 P
381 4159 448 4223 (rus.
468 4155 624 4217 comitatur)
643 4153 706 4206 MA
796 4155 831 4206 24
850 4153 870 4205 ii
882 4153 905 4220 f
913 4153 983 4205 lrm
1074 4168 1097 4212 a.
1117 4169 1151 4204 m.
1172 4155 1191 4204 2
1209 4169 1242 4206 ea
1260 4153 1287 4204 P

117 4251 162 4304 25
184 4246 374 4299 mouentur
393 4245 499 4312 (licitae
517 4243 568 4310 a.·⁹)
588 4245 613 4295 A
