3092 4959
497 372 762 441 epistularum
791 372 909 429 CXXVI.
1234 380 1276 444 17

124 588 257 634 munere
273 570 451 635 sanctitatis
468 568 741 651 praeminentium,
758 570 984 635 monachorum
1000 570 1039 635 ad
1052 572 1277 653 perfectionem

124 676 348 741 mandatorum
374 675 492 741 Christi
514 696 619 741 rerum
642 676 737 741 otiam
758 696 887 742 suarum
907 676 1129 745 distributione
1153 699 1277 746 curren·

124 782 208 847 tium
234 783 326 864 quasi
350 782 556 866 disceptaturi
580 782 727 863 ponimus
752 784 992 867 quaestionem?

25 886 70 947 12
171 887 255 953 Nam
285 888 361 972 quid
389 887 474 954 exiiii
501 889 554 954 uel
582 888 811 972 deportationis
839 893 896 954 ant
921 890 1123 975 relegationis
1151 894 1279 959 nomine

88 1019 102 1056 s
125 996 286 1079 promissa
308 996 364 1060 illa
385 996 563 1079 praesentia
586 999 834 1080 praegrauatur?
859 996 989 1062 obsecro
1014 1001 1055 1063 te.
1079 1002 1169 1082 puto,
1192 1002 1279 1083 quod

89 1186 96 1195 Ι
126 1102 359 1186 presbyterium
383 1121 444 1167 non
468 1104 519 1167 est
541 1102 681 1167 erilium.
704 1102 764 1167 hoc
794 1122 867 1187 ergo
895 1106 1005 1169 noster
1027 1105 1159 1190 eligeret
1182 1126 1278 1190 quam

125 1208 209 1273 illud
232 1208 382 1275 erilium?
407 1209 492 1274 absit
510 1228 528 1274 a
547 1209 649 1288 nobis,
672 1212 709 1275 at
732 1210 779 1274 sic
803 1214 932 1275 sanctus
952 1210 1003 1275 dei
1021 1214 1054 1275 et
1072 1213 1164 1277 nobis
1184 1214 1279 1279 caris-

127 1314 230 1379 simus
254 1314 451 1395 defendatur,
475 1315 568 1393 absit,
593 1315 733 1397 inquam,
758 1319 795 1381 ut
822 1316 947 1381 dicatur
969 1317 1124 1383 maluisse
1148 1319 1278 1385 erilium

66 1406 68 1409 ⁵
127 1441 224 1504 quam
239 1422 470 1506 presbyterium
490 1425 547 1487 aut
564 1422 717 1487 maluisse
735 1423 910 1504 periurium
929 1443 1024 1506 quam
1043 1426 1182 1491 erilium.
1201 1427 1281 1491 baec

73 1551 104 1591 ιο
128 1527 277 1605 dicerem,
302 1528 330 1592 si
352 1546 427 1592 uere
447 1547 465 1593 a
483 1528 574 1593 nobis
594 1531 650 1593 aut
668 1547 686 1593 a
704 1528 822 1612 populo
842 1527 957 1594 iuratio
977 1529 1005 1593 ei
1023 1529 1141 1595 fuisset
1159 1535 1280 1598 extorta

127 1634 359 1717 promittendae
391 1634 601 1717 praesentiam
635 1653 718 1699 nunc
749 1654 825 1699 uero
858 1655 918 1700 non
952 1639 1073 1702 extorta
1111 1641 1170 1711 cst,
1204 1637 1278 1703 dnm

127 1743 307 1823 negaretur,
336 1741 401 1819 sed,
431 1742 507 1806 dnm
537 1742 711 1809 offerretur.
740 1746 871 1825 accepta
899 1746 931 1807 et
958 1742 1018 1809 hoc
1043 1762 1170 1825 caspe,
1195 1744 1282 1810 sicut

128 1846 397 1930 supradiximus,
422 1847 495 1931 quia
518 1868 574 1933 per
596 1848 684 1912 illam
716 1850 925 1931 praesentiam
953 1849 1108 1915 creditum
1133 1856 1279 1916 osteum

128 1954 225 2018 etiam
256 1954 295 2017 ad
324 1954 508 2019 clericatum
538 1954 778 2038 suscipiendum
805 1974 902 2038 posse
930 1955 1184 2021 desiderantibus
1209 1976 1281 2021 con·

75 2085 105 2123 n.
129 2060 258 2125 sentire.
287 2064 458 2141 postremo,
483 2061 649 2143 quodlibet
677 2061 715 2126 dc
743 2061 836 2127 nobis
864 2062 918 2127 aei
947 2062 985 2125 de
1008 2063 1280 2146 Hipponiensibus

129 2168 297 2243 sentiatur,
326 2168 418 2251 longe
447 2168 510 2233 alia
539 2171 588 2233 cst
618 2187 726 2234 corum
756 2188 862 2247 cansa,
892 2168 945 2252 qui
975 2170 1136 2253 coegerint
1167 2170 1282 2250 iurare,

128 2292 225 2355 quam
250 2292 369 2353 eorum,
393 2276 532 2357 quinon
557 2275 660 2340 dicam
688 2276 859 2359 coegerint,
879 2274 936 2340 sed
955 2276 1113 2340 suaserint
1135 2275 1283 2360 peierare

126 2383 201 2463 ipse
226 2382 332 2459 etiam,
357 2381 394 2445 de
419 2401 480 2464 quo
505 2383 620 2467 agitur,
646 2381 843 2447 considerare
870 2401 932 2447 non
959 2387 1082 2460 renuat,
1107 2389 1215 2447 utrum
1239 2382 1282 2447 sit

126 2488 223 2571 peius
242 2488 303 2553 sub
323 2488 467 2571 quolibet
485 2489 598 2553 timore
618 2487 856 2554 iusiurandum
876 2508 913 2553 an
933 2492 1055 2554 remoto
1074 2489 1188 2553 timore
1211 2489 1282 2572 ipso

77 2620 106 2658 ao
125 2593 315 2679 periurium.

31 2705 76 2767 13
176 2701 243 2767 Deo
268 2702 396 2787 gratias,
420 2702 578 2786 quianon
604 2702 696 2768 aiitcr
718 2702 953 2786 Hipponienses
981 2702 1175 2784 promissum
1200 2700 1283 2767 circa

80 2824 83 2829 “
127 2828 166 2873 sc
188 2808 313 2892 implori
338 2810 488 2887 sentiunt,
513 2829 608 2892 quam
628 2814 664 2874 ut
683 2809 768 2875 adsit
791 2809 958 2873 uoluntate
980 2808 1146 2873 babitandi
1169 2810 1202 2872 ct
1220 2810 1282 2886 eat,

128 2934 193 2998 qno
218 2933 348 2980 neccsse
375 2916 481 2995 fucrit,
507 2935 580 2981 cum
609 2916 819 3001 dispositione
846 2915 1008 2981 redeundi.
1037 2934 1109 2979 nam
1135 2915 1163 2980 si
1184 2914 1284 2979 uerba

126 3022 297 3087 iurationis
330 3022 533 3089 adtenderent
565 3028 597 3088 ot
629 3024 798 3107 exigerent,
831 3023 918 3088 nullo
951 3022 1045 3087 modo
1081 3040 1193 3087 seruus
1231 3021 1283 3085 dei

94 3129 276 3196 srecedero
309 3148 403 3211 quam
435 3129 501 3195 ullo
534 3129 628 3195 modo
663 3129 773 3194 debuit
805 3129 954 3213 peiorare.
988 3127 1044 3192 sed
1068 3128 1143 3209 quia
1166 3126 1283 3191 crimen

129 3254 240 3301 eorum
273 3242 359 3301 esset
390 3256 451 3303 non
485 3236 555 3302 dico
588 3236 684 3313 talem
712 3236 818 3300 uirum
844 3236 900 3300 sed
924 3235 1099 3318 quemlibet
1122 3232 1282 3298 hominem

129 3346 177 3409 sic
205 3347 322 3422 tenere,
350 3363 408 3409 nec
434 3344 497 3427 ipsi
526 3344 620 3408 aliam
649 3344 899 3427 expectationem
926 3361 960 3407 se
987 3342 1139 3406 habuisse
1170 3339 1283 3423 proba-

127 3454 255 3527 uerunt,
290 3450 343 3533 qui
376 3450 552 3529 audientes,
586 3451 670 3532 quod
702 3450 863 3515 rediturus
896 3449 1099 3526 abscesserit,
1131 3446 1283 3531 gratulati

130 3560 215 3634 sunt,
244 3575 302 3621 nec
330 3556 416 3621 aliud
444 3556 510 3621 iilis
539 3576 633 3620 uerar
663 3556 779 3621 iuratio
808 3556 903 3620 debet
930 3574 1024 3637 quam
1055 3553 1097 3626 id,
1128 3552 1212 3636 quod
1245 3552 1284 3617 ab

168 3748 445 3820 lpraecminentium
469 3747 572 3803 Uedd.
589 3754 734 3815 praeterr
807 3748 928 3799 trorum
949 3762 1000 3801 om.
1025 3744 1052 3798 U
1122 3746 1284 3814 tpracgra-

129 3842 230 3893 uantur
253 3837 281 3893 U
331 3838 421 3906 test]
443 3846 456 3891 e
475 3854 490 3891 x
510 3845 536 3905 (x
557 3844 627 3905 carp.)
653 3836 679 3890 U
732 3836 818 3905 isio]
840 3834 925 3889 sitU
988 3836 1020 3889 15
1039 3833 1234 3904 ipponensibus
1258 3831 1284 3884 V

128 3927 352 3999 Hipponensibus
372 3926 431 3981 edd.
526 3927 556 3980 17
578 3925 637 3979 dico
657 3925 718 3980 edd.
797 3926 920 3994 cogeriat
943 3924 1029 3991 Vtra.
1050 3927 1070 3976 2
1088 3921 1238 3991 coegerint)
1262 3920 1288 3974 U

131 4020 164 4071 19
183 4017 281 4072 timore
300 4016 387 4087 ipsunt
406 4016 485 4085 sicr
503 4016 563 4085 ipso
585 4014 682 4069 timore
701 4032 728 4068 m
783 4017 815 4067 21
837 4017 1000 4084 ipponenses
1024 4010 1080 4065 VU
1096 4011 1285 4080 Hipponenses

129 4107 189 4161 edd.
246 4106 281 4159 23
300 4094 465 4160 necessItate
484 4106 547 4172 (itat
568 4107 639 4171 carp.)
658 4103 686 4159 R
740 4103 776 4157 24
794 4103 882 4173 nullo]
902 4106 959 4156 tam
977 4101 1052 4154 nullo
1073 4100 1133 4154 edd.
1188 4100 1223 4152 25
1242 4114 1284 4151 re·

130 4195 240 4251 cederet
263 4193 319 4249 VU
371 4192 537 4262 quamnim,
558 4209 591 4245 m.
613 4190 859 4262 2qniann110V
911 4192 1048 4259 periurare
1072 4186 1098 4240 U
1132 4187 1167 4241 29
1186 4186 1284 4239 iuratio

130 4286 180 4353 bie,
202 4286 322 4339 alterum
341 4299 401 4351 exp.
424 4283 449 4336 T

156 4412 287 4454 xxxxrrrr
296 4410 355 4460 nug,
365 4415 419 4451 eset.
429 4407 452 4448 11
467 4405 541 4458 puta
1234 4382 1249 4425 2
