3092 4959
544 390 809 458 epistularum
839 388 943 444 CLl'Il.
1252 394 1317 457 467

164 583 332 659 derideret,
363 582 434 647 ideo
464 582 507 646 ait
536 584 717 666 apostolus:
742 582 869 665 Usque
898 582 994 647 enim
1018 583 1061 648 ad
1089 584 1210 667 legem
1239 604 1319 667 peo-

164 693 289 754 oatnm
314 690 349 753 in
375 688 510 753 mundo
535 688 624 763 suin
649 692 849 771 peceatum
874 692 997 754 autem
1022 709 1092 753 non
1116 689 1318 773 deputaba-

164 802 236 872 tur,
271 815 350 860 cnm
385 797 441 861 lex
474 814 546 859 non
579 800 693 860 esset.
727 816 788 861 non
821 795 901 860 dixit
932 802 1003 860 ‘non
1037 800 1124 875 erat',
1154 797 1210 861 sed
1239 804 1317 861 ‘non

163 903 439 986 deputabatur’,
460 903 534 985 quia
551 902 602 967 lex
620 922 680 967 non
701 906 778 982 erat,
794 923 856 985 qna
875 906 1026 988 arguente
1042 902 1319 983 demonstraretur,

131 1009 234 1073 asine
256 1010 306 1073 ler
330 1009 461 1075 rationis
485 1009 516 1073 in
541 1010 674 1091 paruulo
700 1009 769 1073 siue
792 1010 841 1074 lex
864 1008 989 1074 litterae
1012 1010 1043 1073 in
1068 1011 1197 1093 populo.

64 1118 113 1179 19
209 1114 281 1181 Sed
299 1116 487 1200 regnauit,
508 1115 622 1197 inquit,
642 1135 741 1180 mors
756 1116 799 1180 ab
816 1116 928 1181 Adam
948 1113 1068 1199 usqne
1088 1116 1131 1181 ad
1151 1117 1316 1200 Moysen,

163 1222 239 1304 qnia
262 1242 318 1286 nee
341 1222 391 1286 lex
414 1242 470 1305 per
493 1223 625 1306 Moysen
651 1223 724 1288 data
747 1224 854 1304 potnit
881 1242 1013 1305 regnum
1044 1224 1155 1288 mortis
1185 1224 1317 1295 auterre.

163 1329 248 1411 qnod
276 1330 345 1394 sola
373 1328 493 1394 Christi
521 1329 658 1393 abstulit
685 1330 795 1415 gratia.
824 1330 856 1393 in
886 1349 965 1411 quos
995 1334 1101 1394 antem
1127 1332 1317 1414 regnauerit,

162 1436 252 1500 uide:
276 1436 322 1500 ut
345 1437 380 1501 in
405 1454 477 1514 eos,
506 1435 621 1518 inquit,
647 1436 710 1518 qni
735 1454 803 1500 non
833 1440 1099 1517 peonanerunt‚
1124 1437 1159 1500 in
1185 1436 1317 1501 simili·

113 1569 142 1607 ro
163 1542 330 1606 tudinem
359 1541 703 1624 praeuaricationis
728 1540 839 1606 Adae.
868 1541 1016 1625 regnauit
1040 1560 1114 1625 ergo
1140 1542 1226 1606 etin
1251 1561 1316 1617 eos,

162 1649 217 1730 qni
245 1668 306 1713 nnn
335 1651 556 1731 peoeauemnt.
586 1648 641 1712 sed
670 1667 726 1713 our
754 1648 946 1732 regnanerit‚
978 1649 1126 1725 ostendit,
1160 1667 1233 1713 oum
1258 1649 1316 1712 ait:

161 1756 202 1819 In
231 1755 519 1821 similitudinem
547 1756 892 1837 praeuaricationis
922 1755 1032 1820 Adae.
1062 1756 1123 1820 iste
1153 1756 1237 1821 enim
1267 1760 1316 1819 est

162 1862 276 1927 melior
288 1862 469 1926 intellectus
484 1864 598 1926 borum
614 1862 794 1939 uerborum,
810 1865 857 1941 nt,
873 1880 945 1926 enm
964 1862 1110 1926 dixisset:
1126 1862 1317 1945 Regnanit

161 1987 260 2033 mors
288 1969 323 2033 in
353 1988 426 2047 eos,
461 1969 524 2051 qui
553 1987 622 2033 nou
651 1972 916 2051 peccauerunt,
951 1968 1041 2051 quasi
1074 1988 1130 2033 nos
1163 1973 1315 2045 moneret,

112 2103 139 2140 re
163 2094 260 2156 qnare
287 2076 319 2139 in
349 2094 403 2140 eos
436 2075 628 2159 regnauerit‚
662 2076 717 2157 qui
749 2094 810 2139 non
844 2078 1067 2158 peccauerunt,
1100 2074 1242 2140 adderet:
1276 2076 1314 2139 ln

162 2182 461 2246 similitudinem
484 2181 829 2264 praeuaricationis
853 2181 964 2260 Adae,
989 2182 1022 2245 id
1046 2186 1095 2245 est
1119 2182 1193 2264 quia
1216 2182 1316 2247 inerat

161 2290 193 2352 in
218 2307 327 2353 eornm
350 2288 502 2353 membris
527 2288 1008 2371 similitudopraeuaricationis
1033 2288 1129 2353 Adae.
1154 2290 1316 2372 potestat

162 2395 210 2457 sio
227 2393 388 2478 intellegi:
411 2394 604 2479 Regnanit
626 2414 724 2458 mors
749 2395 791 2458 ab
816 2394 930 2459 Adam
954 2414 1073 2476 usqne
1098 2394 1141 2458 ad
1160 2394 1314 2477 Moysen

162 2506 200 2565 et
226 2502 262 2565 in
292 2520 365 2579 eoa,
396 2502 459 2583 qni
487 2521 556 2566 non
580 2502 617 2566 in
647 2501 942 2566 similitudinem
970 2501 1314 2583 praeuaricationis

105 2634 140 2676 eo
162 2608 262 2673 Adae
298 2613 566 2691 peccauerunt,
603 2609 677 2690 quin
709 2608 740 2671 in
775 2612 876 2673 semet
913 2609 1003 2690 ipsis,
1042 2627 1114 2672 enm
1148 2608 1211 2672 iam
1248 2608 1315 2672 nati

161 2720 277 2796 essent,
301 2735 357 2780 nec
381 2716 503 2780 ratione
528 2714 631 2779 adhuc
650 2718 824 2793 uterentur,
852 2734 913 2797 qna
931 2714 985 2778 ille
1005 2716 1165 2788 utebatur,
1191 2715 1314 2796 qnando

254 2926 266 2978 1
288 2924 364 2977 Rom.
384 2926 409 2992 5,
430 2924 463 2978 13
519 2924 548 2989 6;
569 2926 584 2977 9
604 2923 680 2977 Rom.
701 2926 726 2983 5.
748 2924 781 2976 14

197 3050 214 3101 2
238 3050 426 3119 imputabatur
447 3048 504 3102 LT
522 3050 555 3102 lr
577 3065 627 3103 aec.
653 3048 731 3117 Volo.
755 3048 818 3116 (Gr.
840 3048 1004 3119 liberabum
1029 3046 1077 3101 aed
1099 3063 1125 3099 n.
1146 3048 1263 3115 Aequent.
1284 3048 1316 3101 de

155 3144 337 3208 peccatoram
359 3138 463 3192 meritis
486 3145 511 3191 el
533 3138 692 3191 rmreieeione
714 3137 791 3190 etde
814 3136 950 3204 baptismo
970 3137 1157 3203 paruulorum
1177 3136 1215 3189 art
1233 3136 1315 3189 Mar-

160 3227 296 3280 cellinum
317 3227 339 3280 I
358 3230 403 3289 10,
427 3229 481 3279 12:
504 3223 576 3289 Quid
605 3228 646 3277 est
674 3227 736 3277 ‘uon
765 3222 956 3292 deputabatur*
986 3223 1039 3275 nisi
1067 3222 1259 3291 ‘ignorabatur'
1289 3229 1316 3276 et

160 3319 312 3386 ‘peecatum
333 3332 464 3370 essenon
484 3314 660 3385 putabatur'?
732 3315 749 3366 3
768 3313 826 3381 sedi
847 3312 893 3366 sed
913 3312 981 3365 dixit
1000 3312 1026 3364 L
1094 3315 1111 3365 4
1130 3312 1316 3382 imputabatur

161 3406 243 3458 Llr
297 3404 535 3459 demonstrabatur
555 3404 603 3459 00
657 3404 764 3457 tsine·
785 3400 1013 3470 (fuitnelfflL
1072 3402 1245 3472 inparnnlns
1268 3401 1316 3455 00

198 3496 271 3549 siue
285 3497 390 3563 (fuitne
408 3495 418 3548 l
437 3493 463 3558 ?)
482 3494 508 3547 L
572 3496 587 3546 'l
607 3510 656 3565 per
675 3509 786 3562 moysen
805 3494 847 3545 lex
867 3492 932 3545 data
950 3490 976 3544 L
995 3492 1037 3545 lex
1057 3492 1121 3544 data
1139 3507 1187 3561 per
1205 3492 1314 3559 Moysen

159 3584 223 3639 edd,
270 3586 287 3637 8
306 3586 422 3639 abstulit
440 3584 535 3638 christi
558 3584 583 3636 Τ
631 3586 646 3637 9
666 3583 729 3638 uide
749 3586 789 3653 et]
811 3581 902 3636 uidete
923 3586 951 3635 et
970 3582 996 3633 P
1014 3581 1106 3635 uidete
1126 3580 1151 3633 L
1171 3580 1233 3633 uide
1253 3584 1314 3647 (orna.

160 3676 201 3741 et)
224 3674 251 3727 T
321 3675 359 3728 eis
378 3675 406 3727 P
475 3675 503 3728 in
523 3673 703 3727 similitudine
722 3673 782 3729 edd.
797 3677 912 3741 praeter
930 3688 949 3724 α
1011 3671 1043 3722 12
1063 3671 1090 3722 in
1110 3668 1314 3723 similitudinem

157 3768 247 3833 ponta.
272 3764 289 3818 l.
313 3780 372 3832 exp.
399 3762 423 3817 0
448 3765 476 3817 in
501 3763 681 3817 similitudine
704 3762 765 3817 edd.
786 3766 900 3830 praeter
918 3777 936 3813 a
1047 3762 1089 3811 est
1114 3758 1185 3811 enim
1213 3757 1238 3809 T
1255 3757 1315 3809 edel.

161 3855 197 3907 13
215 3870 287 3905 mors
305 3854 432 3922 regnauit
454 3852 477 3905 0
526 3854 558 3905 14
576 3852 614 3922 in]
636 3852 709 3905 etin
728 3851 756 3903 P
816 3850 1110 3919 quasi-pecoauerunt
1129 3846 1178 3909 bia,
1199 3846 1316 3899 alterum

158 3958 223 4009 ap.
242 3940 269 3993 L
341 3946 464 3995 moueret
486 3942 545 3996 edd.
622 3942 654 3994 15
673 3938 876 4008 regnaneritiu
897 3936 991 3990 eosT
1063 3933 1169 3989 addidit
1193 3933 1218 3987 T
1288 3934 1315 3987 in

160 4029 342 4084 similitudine
361 4035 406 4098 (ω
426 4036 509 4098 aas.)
531 4028 598 4084 Cin
618 4028 798 4082 similitudine
818 4027 877 4082 edri.
893 4032 1007 4095 prueter
1026 4043 1044 4078 a
1126 4024 1159 4077 16
1179 4024 1314 4092 quianon

160 4121 254 4173 inerat
271 4120 299 4172 P
362 4121 393 4173 17
415 4136 505 4173 eornm
525 4120 553 4171 in
573 4118 633 4172 edd.
689 4119 723 4171 19
743 4117 771 4170 in
792 4115 973 4170 similitudine
995 4114 1071 4169 001¹
1089 4114 1151 4167 edd.
1164 4117 1278 4179 praeter
1297 4128 1315 4163 a

158 4206 485 4273 aore(om.1net)1‘L
557 4208 680 4261 iamom.
703 4205 751 4259 CO
836 4204 867 4257 21
891 4202 954 4273 qnia
976 4200 1182 4274 0(ieraa)0
1254 4204 1314 4252 nte·

161 4300 264 4352 bantur
281 4301 309 4364 (n
328 4300 399 4366 cap.)
417 4296 443 4349 L

1229 4394 1278 4447 30*
