3092 4959
276 365 345 428 496
635 362 661 418 S.
691 361 828 415 Aureli
857 361 1075 429 Augustini

278 556 455 638 periculum
479 556 602 619 nullum
627 558 703 633 erat,
733 555 877 619 medicus
902 556 1019 621 aberat.
1045 554 1098 638 qui
1121 556 1250 638 penitus
1275 554 1417 619 sollicitu-

277 663 382 727 dinem
404 663 524 728 nullam
543 682 613 727 esse
631 666 804 727 testaretur
823 700 865 709 —
885 666 918 727 at
935 662 991 727 ubi
1011 682 1045 727 se
1063 662 1094 725 in
1113 663 1234 727 lectum
1252 661 1417 736 inclinauit,

274 771 405 835 solutus
429 774 479 835 est
501 770 587 833 idem
611 770 784 854 presbyter.
809 789 867 834 nec
891 774 991 848 taceo,
1016 777 1048 833 et
1066 770 1097 833 in
1117 770 1178 833 lroo
1195 770 1266 853 ipso
1286 769 1347 847 die,
1365 788 1419 851 quo

277 896 357 960 puer
384 878 578 954 soluebatur‚
607 878 690 961 petit
715 881 839 960 patrem
868 877 905 941 ad
929 896 1039 958 paoem
1064 879 1096 939 ct
1118 876 1200 959 petit
1222 875 1318 940 tertio
1344 876 1419 939 etin

275 984 415 1065 singulis
439 984 559 1048 osculis
584 984 710 1048 dicebat
732 982 830 1067 patri:
859 984 966 1048 ‘Pares
995 982 1137 1047 dicamus
1162 982 1220 1045 deo
1246 983 1373 1066 gratias¹
1394 989 1453 1045 ela

277 1093 398 1172 patrem
423 1092 567 1175 cogebat,
597 1095 634 1155 ut
656 1091 776 1174 pariter
800 1110 908 1155 secum
938 1090 1080 1165 dixisset,
1109 1088 1202 1171 quasi
1230 1108 1421 1153 communem

275 1198 445 1262 exhortans
478 1198 517 1261 ad
550 1197 749 1281 migrandum
784 1216 820 1260 ex
852 1198 911 1261 hac
942 1198 1021 1260 uita.
1059 1215 1131 1261 nam
1163 1196 1246 1260 iuter
1277 1200 1421 1279 utrosque

278 1308 400 1387 septem
426 1304 493 1368 dies
517 1305 613 1369 medii
633 1308 848 1371 numerantur.
874 1303 949 1386 quid
968 1303 1023 1367 fiet
1042 1302 1079 1367 de
1099 1303 1196 1368 tantis
1215 1302 1334 1367 rebus?
1358 1303 1421 1385 quis

275 1411 337 1474 erit
378 1410 574 1476 occultarum
616 1410 751 1475 istarum
794 1428 962 1474 causarum
1003 1408 1212 1473 fidelissimus
1254 1410 1420 1493 magister?

278 1522 386 1583 aestus
415 1517 518 1583 cordis
546 1518 608 1581 mei
637 1517 756 1581 refudit
784 1536 818 1581 se
846 1518 905 1580 tibi
934 1517 965 1580 in
993 1521 1136 1598 tempore
1160 1516 1339 1600 angustiae.
1366 1516 1454 1579 dis-u

277 1626 422 1707 pensatio
451 1626 554 1689 exitus
581 1624 672 1707 pueri
701 1624 834 1706 eiusque
863 1623 962 1706 patn's
987 1626 1037 1687 est
1060 1622 1239 1693 manifesta.
1270 1623 1344 1705 quia
1366 1622 1420 1685 duo

277 1750 423 1813 passeres
447 1750 508 1795 non
533 1731 646 1795 eadent
670 1730 710 1793 ad
733 1734 848 1794 terram
874 1730 942 1794 sine
966 1730 1131 1793 uoluntate
1153 1730 1265 1812 patris.

206 1836 252 1899 ἶ11
323 1838 469 1902 Animam
499 1856 572 1921 ergo
602 1837 687 1901 omni
716 1856 845 1919 corpore
879 1855 983 1901 carere
1011 1837 1138 1920 penitus
1166 1856 1226 1901 non
1256 1824 1348 1918 poss'e
1373 1834 1419 1899 illa

277 1963 337 2020 res,
362 1948 510 2026 utputo,
540 1944 689 2021 ostendit,
720 1943 793 2026 quia
823 1943 901 2008 deus
931 1944 1018 2008 solus
1043 1943 1129 2007 omni
1153 1960 1283 2026 corpore
1307 1960 1419 2023 sempor

277 2055 372 2116 caret.
390 2054 465 2134 post
482 2051 652 2115 transitum
672 2054 780 2113 autem
803 2050 940 2113 animam
959 2070 1052 2133 quam
1073 2050 1175 2131 magis
1191 2048 1416 2133 uigilantiorem
1434 2068 1452 2105 c

277 2160 354 2237 fore,
378 2156 522 2234 arbitror,
547 2158 701 2240 expositio
726 2159 832 2220 tantae
855 2156 950 2221 molis
974 2174 1141 2239 corporeae
1172 2156 1325 2231 ostendit;
1352 2161 1417 2218 tune

278 2265 412 2329 enimin
432 2265 554 2328 actione
574 2266 606 2327 et
629 2264 810 2347 cognitione
836 2264 981 2344 expedita
1004 2266 1092 2328 tanto
1117 2263 1257 2336 uinculo,
1282 2268 1318 2327 ut
1340 2266 1416 2346 puto.

277 2374 407 2454 apparet
441 2372 653 2453 praestantior
685 2375 717 2435 et
750 2371 852 2435 omnis
884 2371 941 2434 illa
974 2371 1063 2453 quries
1097 2370 1250 2453 spiritalis
1283 2372 1415 2436 omnibus

277 2480 567 2563 perturbationibus
583 2483 615 2542 et
630 2478 788 2543 erroribus
804 2478 935 2543 liberam
955 2478 1159 2556 demonstrat,
1178 2498 1238 2543 non
1259 2478 1414 2542 marcidam

278 2590 310 2651 et
334 2586 424 2668 quasi
450 2589 637 2669 segnem=et
660 2585 817 2667 torpidam
843 2588 874 2649 et
898 2585 1094 2668 implicatam
1118 2586 1206 2662 facit,
1237 2586 1351 2668 quippe
1372 2581 1414 2647 eui
1429 2600 1449 2637 a

272 2692 397 2757 ‘sufficit
424 2692 543 2774 perfrui
572 2692 667 2756 etiam
698 2692 771 2773 ipsa
802 2692 960 2768 libertate,
994 2710 1086 2775 quam
1121 2690 1235 2774 adepta
1264 2694 1322 2771 est,
1354 2706 1414 2753 cunr

277 2798 432 2861 mundum
452 2802 484 2861 et
503 2816 617 2879 corpus
637 2800 737 2878 caret;
757 2817 829 2861 nam
849 2798 1047 2861 intellectum
1069 2816 1137 2862 eam
1157 2799 1244 2879 pasci
1266 2801 1297 2862 et
1314 2812 1413 2879 ponere

272 2923 314 2969 -os
338 2904 480 2985 spiritale
504 2902 546 2965 ad
569 2902 689 2967 font-em
714 2901 800 2966 uitae
824 2902 996 2985 prudenter
1019 2902 1137 2981 dixisti,
1162 2902 1217 2967 ubi
1237 2914 1288 2967 est
1305 2902 1372 2967 felix
1389 2909 1414 2962 et

279 3010 370 3073 beata
397 3010 588 3092 proprietate
617 3009 732 3073 mentis
761 3027 848 3073 suae.
878 3029 949 3073 nam
979 3008 1147 3091 aliquando
1173 3028 1230 3095 ego
1257 3008 1413 3074 Seruilium

278 3116 406 3181 fratrem
430 3121 505 3198 post
527 3116 597 3180 eius
621 3117 739 3180 exitum
762 3134 819 3199 per·
842 3116 999 3181 somnium
1023 3116 1091 3181 uidi
1115 3117 1219 3182 adbuc
1242 3116 1284 3181 ibi
1304 3116 1414 3200 positus
1429 3128 1451 3169 a

278 3222 311 3287 iu
334 3223 526 3287 monasterio
541 3270 841 3298 ..............
867 3221 950 3304 qruod
975 3241 1031 3287 nos
1055 3242 1112 3305 per
1133 3224 1286 3287 rationem
1310 3222 1414 3287 laboro

279 3348 351 3392 mus
378 3329 507 3393 tendere
535 3328 574 3392 ad
601 3328 811 3405 intellectum,
841 3346 875 3392 se
899 3332 1006 3393 autem
1030 3332 1062 3394 et
1085 3330 1166 3394 tales
1189 3329 1259 3413 ipsa
1288 3332 1415 3395 contem-

279 3434 429 3517 plationis
453 3435 664 3499 delectatione
687 3454 823 3499 manere.

371 3612 401 3663 11
422 3610 521 3664 blattis.
542 3611 583 3673 10,
602 3612 637 3664 29
691 3612 725 3663 22
745 3610 816 3679 Aug.
837 3609 951 3664 confess.
971 3610 1008 3664 lx
1027 3612 1053 3679 3,
1072 3612 1088 3665 6

317 3735 448 3789 laderat
466 3735 493 3789 P
565 3736 688 3805 5paresl
709 3738 788 3805 pater
806 3754 832 3789 m
907 3737 939 3789 10
959 3736 1079 3790 refundit
1103 3736 1156 3791 VU
1174 3736 1234 3791 edd.
1317 3754 1345 3791 se
1363 3736 1419 3796 tibil

280 3825 366 3878 ibiP
438 3824 590 3894 llquaP
663 3826 695 3878 13
716 3825 851 3879 animaP
919 3824 1216 3879 salamancam
1289 3828 1321 3880 21
1343 3828 1425 3896 ipsam

279 3917 317 3981 (m
335 3918 406 3981 cap.)
425 3913 610 3981 libertateque
627 3916 655 3983 (q
674 3914 706 3966 in
723 3930 781 3968 rao.
801 3930 835 3967 aa.
856 3918 885 3980 1‚·
896 3915 958 3982 suit
977 3918 1013 3982 m)
1031 3914 1059 3967 P
1150 3915 1184 3967 22
1204 3914 1306 3968 mando
1325 3920 1352 3967 et
1372 3930 1425 3966 ror·

279 4020 344 4072 pore
367 4002 422 4057 VU
439 4002 512 4068 edd.;
532 4004 567 4070 es.
583 4020 613 4071 p.
636 4005 702 4069 492,
721 4006 759 4056 10
872 4019 904 4056 ea
929 4002 984 4057 VU
1004 4002 1063 4057 edd.
1155 4002 1189 4057 23
1209 4020 1278 4057 cuns
1303 4002 1358 4058 ΡΠ
1375 4004 1429 4057 lar

314 4092 462 4161 prudentes
481 4092 587 4145 dixistis
600 4092 629 4144 P
663 4093 698 4145 ab
712 4092 752 4145 ibi
766 4108 818 4146 om.
837 4092 890 4146 VU
904 4090 964 4146 edd.
1001 4092 1036 4145 26
1046 4098 1111 4160 post
1125 4094 1290 4146 monasterio
1305 4094 1428 4147 relictae

278 4186 319 4232 eal
336 4181 458 4248 spatium
476 4184 513 4234 13
529 4182 591 4248 sere
614 4180 769 4234 litterarum
792 4182 821 4233 r'a
841 4181 874 4242 P,
895 4184 930 4233 18
947 4180 1045 4249 sorel.
1065 4181 1096 4235 in
1120 4180 1151 4243 V,
1171 4182 1372 4248 roserolis
1395 4178 1430 4233 l':

271 4268 385 4322 ‚lacuna
398 4269 560 4338 siqnificuta
573 4270 654 4323 estin
668 4270 723 4327 lor.
737 4270 831 4323 uerbia
846 4271 891 4339 qui
905 4270 972 4323 dixit
985 4271 1136 4339 expletam
1145 4286 1172 4323 m
1209 4270 1242 4323 2?
1254 4270 1282 4323 in
1298 4271 1358 4341 ipsa
1373 4269 1430 4324 Um
