3092 4959
256 369 322 433 390
617 365 644 420 S.
673 366 813 419 Aureli
840 364 1060 434 Augustini

255 579 369 635 rerem,
395 560 423 624 si
448 559 609 625 crederem
632 563 665 624 te
689 559 841 625 laudibus
866 559 935 623 eins
961 558 1094 634 offendi;
1124 577 1195 622 cnm
1226 560 1334 621 autem
1357 558 1412 621 hoc

255 686 316 733 non
341 666 444 743 credo,
474 685 532 731 nec
560 665 643 731 illud
671 666 825 750 profecto,
853 665 938 748 quod
961 671 994 730 te
1017 685 1080 730 non
1104 664 1175 728 dico
1199 663 1339 727 instante
1362 662 1413 727 sed

253 775 369 839 saltem
406 775 535 839 uolente
569 776 626 837 ant
659 776 788 856 optante
825 775 938 856 posset
975 771 1087 836 occidi.
1124 770 1256 853 proinde
1294 769 1413 835 iudicas

253 882 420 945 nobiscum
449 884 538 945 tanto
568 880 723 945 sincerius
753 883 871 963 quanto
899 880 1112 955 innocentius
1146 877 1231 960 quod
1259 877 1316 941 ille
1343 895 1412 940 cam

253 989 358 1053 anima
382 1006 441 1051 sua
465 1006 559 1070 qnam
584 1005 655 1051 cum
680 986 777 1052 istius
801 1005 933 1069 corpore
962 985 1123 1050 crudelius
1152 985 1264 1069 egerit,
1292 983 1413 1066 quando
1439 1006 1450 1043 a

255 1094 448 1176 contemptis
473 1094 576 1171 nobis,
607 1093 799 1177 contemptis
822 1093 1090 1176 promissionibus
1115 1092 1194 1169 suis,
1224 1091 1413 1172 contemptis

253 1203 304 1265 tot
332 1218 367 1264 ac
397 1201 496 1265 tantis
525 1200 736 1284 petitionibus
767 1203 800 1264 et
827 1198 1098 1265 admonitionibus
1127 1199 1205 1275 tuis,
1234 1202 1413 1279 contempta

254 1307 393 1388 denique
423 1307 560 1371 ecclesia
588 1306 707 1372 Christi
736 1307 827 1371 etin
859 1325 894 1370 ea
923 1324 985 1389 quo
1014 1305 1077 1369 nisi
1105 1305 1234 1370 Christo
1259 1302 1411 1368 adfinem

253 1432 332 1477 suae
355 1413 602 1478 machinationis
626 1413 724 1477 huius
748 1416 851 1477 morte
873 1412 1032 1494 peruenit.
1057 1432 1095 1476 an
1115 1431 1191 1476 uero
1210 1411 1300 1475 illius
1320 1412 1413 1474 bonor

253 1518 350 1583 istius
371 1520 425 1583 uel
444 1521 561 1585 carceri
581 1519 812 1601 comparandus
833 1521 893 1596 est,
914 1538 987 1583 cum
1005 1518 1061 1582 ille
1075 1519 1196 1582 fureret
1210 1517 1410 1590 sublimatus,
1428 1540 1447 1573 a·

253 1626 316 1689 iste
336 1626 489 1709 gauderet
513 1626 679 1691 inclusus?
703 1624 870 1689 horrendis
891 1628 923 1689 et
941 1625 1128 1706 poenalibus
1146 1623 1288 1688 tenebris
1308 1642 1410 1687 omnes

253 1750 314 1796 non
344 1751 485 1798 carceres
515 1734 573 1798 sod
601 1733 697 1797 etiam
725 1732 844 1797 inferos
872 1731 975 1796 uincit
1003 1731 1150 1795 scelerati
1177 1730 1318 1795 hominis
1345 1748 1410 1794 con·

253 1838 396 1903 scientia.
425 1840 483 1905 tibi
513 1841 609 1905 etiam
639 1838 716 1922 qaid
744 1839 865 1917 nocuit,
898 1838 991 1902 cuins
1026 1838 1090 1901 etsi
1123 1838 1241 1901 famam
1276 1837 1411 1920 grauiter

252 1945 358 2017 laesit,
383 1949 489 2011 tamen
514 1946 727 2011 innocentiam
752 1966 812 2011 non
831 1944 981 2027 perimit?
1008 1944 1157 2025 quamuis
1181 1942 1267 2006 fama
1290 1961 1410 2025 quoqne

251 2051 324 2133 ipsa
349 2052 438 2117 salua
462 2053 505 2117 sit
528 2056 562 2118 et
580 2053 665 2136 apud
689 2071 754 2127 eos,
780 2052 835 2134 qui
854 2056 887 2115 te
906 2050 1024 2115 melius
1048 2053 1207 2114 nonerunt
1229 2068 1442 2132 anamnesis

252 2161 286 2223 et
309 2158 394 2241 apud
417 2178 474 2223 nos
497 2159 596 2241 ipsos,
621 2158 676 2241 qui
701 2176 793 2222 curas
818 2157 986 2221 nobiscum
1009 2158 1094 2232 tuas,
1125 2174 1163 2219 no
1187 2159 1254 2219 tam
1275 2156 1407 2219 immane.

252 2267 490 2347 perpetraretur
514 2266 632 2342 scelus,
656 2266 746 2329 tanto
767 2282 932 2346 expressas
952 2262 1204 2345 inspiciebamus
1225 2261 1353 2334 ‘affectu
1375 2275 1406 2325 at

252 2477 372 2555 nocuit,
397 2478 549 2561 quicquid
572 2479 696 2553 nocuit3
722 2495 815 2543 suam
838 2474 996 2541 transfixit
1013 2476 1162 2553 animam,
1186 2494 1277 2539 snam
1300 2476 1405 2547 uitam,

253 2601 345 2646 suam
371 2585 608 2663 conscientiam,
633 2602 724 2648 suam
750 2583 887 2666 denique
906 2583 1009 2664 ipsam
1029 2581 1158 2647 famam.
1181 2600 1277 2664 qnam
1296 2581 1402 2645 bonan
1418 2598 1438 2636 a

254 2689 358 2754 solent
400 2690 496 2754 etiam
537 2690 671 2774 pessimi
713 2690 949 2771 concupiscere,
993 2707 1087 2753 caeca
1126 2688 1182 2752 illa
1224 2686 1404 2751 crudelitate

253 2797 405 2861 uastauit.
429 2800 518 2861 tanto
543 2798 626 2862 enim
651 2800 701 2862 est
720 2796 861 2861 odiosior
879 2796 1026 2861 omnibus
1045 2795 1147 2873 bonis,
1172 2793 1403 2876 quantomagis

252 2903 362 2986 impiis
387 2905 511 2988 placere
536 2907 669 2970 conatus
694 2906 744 2969 est
766 2905 820 2968 nel
843 2903 1004 2986 placuisse
1028 2903 1178 2967 laetatus.

188 3009 227 3075 11
298 3010 361 3075 Ubi
386 3015 492 3076 autem
516 3012 621 3097 magis
643 3012 751 3094 potuit
775 3029 926 3093 apparere
949 3028 1010 3074 non
1036 3028 1106 3072 eam
1130 3007 1284 3073 habuisse
1306 3025 1402 3072 noces-

254 3117 394 3195 sitatem,
424 3137 519 3199 quam
544 3138 577 3183 se
601 3119 717 3182 habere
741 3117 901 3195 confinxit,
929 3122 967 3180 ut
990 3116 1060 3181 eius
1089 3115 1221 3179 obtentu
1248 3118 1401 3197 tamquam
1416 3129 1436 3169 Β
1533 3123 1534 3202 ἦ

253 3223 356 3288 bonas
380 3226 499 3289 faceret
521 3230 646 3289 tantam
671 3224 803 3299 malum,
833 3242 927 3305 quam
952 3222 1039 3304 quod
1061 3239 1119 3286 nec
1143 3220 1193 3284 illi
1215 3222 1346 3303 placuit,
1368 3218 1401 3282 de

253 3330 346 3393 cuius
374 3334 542 3412 praecepto
573 3349 606 3394 se
636 3350 734 3395 ausus
769 3334 819 3394 est
847 3332 1019 3392 ercrrsare?
1051 3328 1168 3392 referat
1199 3324 1402 3409 praestantiae

254 3445 328 3499 tuae
357 3442 486 3500 sanctus
516 3437 667 3501 diaconus
696 3436 888 3516 Quintianus
917 3473 961 3481 —
991 3434 1062 3517 ipse
1095 3434 1178 3497 enim
1211 3433 1315 3497 fuerat
1345 3431 1402 3512 epi·

254 3560 361 3623 scopo,
399 3563 492 3625 quem
525 3562 581 3626 pro
619 3543 684 3607 illis
717 3543 919 3620 miseramus,
953 3542 1123 3605 adiunctus
1155 3576 1210 3619 —-,
1243 3558 1337 3622 quem
1367 3534 1402 3600 ad

253 3649 383 3713 modum
407 3670 464 3714 noc
487 3649 687 3733 indulgentia
708 3650 774 3713 illis
799 3648 901 3713 danda
924 3648 994 3712 uisa
1019 3650 1078 3723 est,
1101 3665 1140 3710 ne
1165 3648 1217 3709 uel
1236 3646 1284 3711 sic
1303 3646 1401 3726 aliquo
1416 3662 1436 3701 a
1533 3641 1535 3718 ᾗ

290 3911 520 3981 boontemptatis
539 3913 583 3963 tot
602 3910 629 3963 P
708 3911 777 3963 8eo
797 3908 854 3962 PU
930 3910 964 3962 12
982 3910 1048 3978 non]
1069 3924 1123 3961 non
1141 3909 1252 3961 tantum
1276 3904 1333 3959 VU
1345 3901 1399 3958 edd.

257 4002 289 4053 14
308 4001 425 4069 peremit
448 3998 504 4052 Va*
521 3998 581 4052 edd.
683 3998 716 4051 la
737 3998 785 4051 ille
804 3996 1079 4060 cm.,m1add.P
1173 3988 1402 4049 24enrunonl'

254 4092 288 4143 ‘25
309 4088 428 4155 confixit,
447 4106 481 4142 m.
501 4092 516 4141 1
535 4104 604 4142 corr.
625 4088 752 4141 confinxit
770 4088 799 4141 P
892 4088 926 4140 28
947 4086 1123 4154 Quintianus]
1143 4086 1191 4153 qni
1211 4102 1246 4154 .p.
1265 4102 1293 4139 n.
1312 4096 1399 4136 manus

254 4182 301 4247 (.p.
321 4194 339 4231 n
358 4194 378 4235 s.
398 4183 437 4243 u.)
463 4176 489 4229 V
510 4177 557 4246 qni
581 4194 598 4246 p
623 4185 694 4230 nom,
719 4193 814 4230 manus
835 4179 863 4245 (p
888 4183 959 4229 noan.
978 4192 1000 4229 a.
1019 4178 1058 4243 u.)
1081 4173 1108 4229 U
1125 4175 1171 4243 qni
1191 4190 1240 4244 per
1258 4172 1293 4227 N.
1311 4186 1397 4225 manas

256 4264 315 4323 edd.
371 4267 406 4320 30
425 4266 475 4335 sic]
496 4268 520 4319 si
539 4266 566 4319 P
