3092 4959
258 358 322 424 144
611 355 639 411 S.
667 354 807 408 Aureli
836 353 1053 424 Augustini

255 554 314 628 ret,
332 550 365 614 in
386 549 470 632 quod
489 547 681 632 profundum
699 567 760 611 non
787 547 985 631 demergeret
1007 549 1126 614 fluuius
1151 549 1212 614 iste
1236 550 1405 615 horrendae

255 657 416 739 nequitiae
450 654 573 740 generis
605 654 745 731 humani,
779 653 841 718 nisi
874 673 948 719 crux
983 655 1100 720 Christi
1132 655 1164 719 in
1198 658 1287 722 tanta
1320 657 1407 721 uelut

256 765 341 828 mole
364 762 565 827 auctoritatis
590 761 782 826 eminentius
806 760 992 844 firmiusque
1010 761 1169 846 figeretur,
1191 765 1283 830 cuius
1303 764 1407 847 adpre-

257 872 355 936 henso
384 870 496 934 robore
525 868 656 932 stabiles
685 887 841 945 essemus,
870 887 909 932 ne
942 868 1025 933 male
1058 869 1257 935 suadentium
1292 872 1346 936 uel
1377 869 1406 934 in

258 978 343 1041 mala
372 977 591 1060 inpellentium
624 981 689 1040 tam
722 979 815 1040 uasto
849 975 958 1040 mundi
990 977 1085 1040 huius
1123 978 1244 1061 abrepti
1282 978 1406 1062 gurgite
1433 987 1443 1028 ⁶

258 1084 477 1148 sorberemur?
508 1083 540 1146 in
572 1083 636 1147 ista
668 1081 751 1146 enim
786 1082 933 1146 conluuie
971 1102 1094 1147 morum
1131 1083 1344 1164 pessimorum
1379 1087 1408 1147 et

259 1189 376 1255 ueteris
399 1189 540 1272 perditae
566 1189 750 1272 discipliuae
774 1189 908 1252 maxime
932 1189 1040 1252 uenire
1060 1208 1095 1252 ac
1115 1190 1283 1255 subuenire
1303 1189 1409 1254 debuit

260 1295 407 1360 caelestis
431 1295 616 1372 auctoritas,
640 1314 721 1378 quiae
743 1294 957 1358 uoluntariam
980 1299 1211 1378 paupertatem,
1236 1315 1317 1379 quiae
1341 1315 1408 1362 con·

260 1403 436 1479 tinentiam,
455 1402 715 1478 beniuolentiam,
729 1400 886 1466 iustitiam
908 1404 1002 1484 atque
1022 1403 1221 1467 concordiam
1240 1422 1407 1486 ueramque

259 1510 411 1594 pietatem
443 1507 648 1590 persuaderet
680 1511 865 1589 ceterasque
898 1507 984 1572 uitae
1017 1509 1191 1574 luminosas
1225 1509 1408 1590 ualidaeque
1424 1521 1445 1562 ¹⁰

261 1617 396 1681 uirtutes
415 1634 475 1679 non
497 1615 619 1678 tantum
634 1616 762 1696 propter
775 1614 871 1678 istam
885 1613 986 1678 uitam
1002 1615 1226 1680 honestissime
1242 1616 1407 1699 gerendam

261 1742 317 1787 nec
335 1723 459 1786 tantum
476 1724 603 1803 propter
618 1720 759 1785 ciuitatis
773 1725 915 1785 terrenae
931 1721 1209 1786 concordissimam
1225 1723 1407 1788 societatem

261 1847 372 1894 uerum
401 1827 497 1892 etiam
525 1829 653 1909 propter
685 1827 919 1911 adipiscendam
955 1829 1177 1910 sempiternam
1211 1828 1349 1893 salutem
1380 1831 1408 1892 et

262 1935 446 2018 sempiterni
470 1933 636 1998 cuiusdam
661 1934 772 2015 populi
797 1934 966 1998 caelestem
992 1934 1195 2018 diuisamque
1219 1955 1286 1999 rem
1309 1933 1409 2017 publi·

263 2061 342 2118 cam,
367 2041 418 2104 oui
441 2059 498 2104 nos
523 2040 611 2104 ciues
635 2039 787 2104 adsciscit
809 2038 897 2119 fides,
922 2059 1006 2123 spes,
1027 2041 1153 2119 ocultae,
1172 2043 1219 2120 ut,
1240 2060 1335 2123 quam
1359 2039 1408 2106 diu
1424 2055 1444 2094 u

263 2147 334 2212 inde
356 2147 605 2230 peregrinamur,
624 2146 763 2211 ieramus
789 2166 853 2226 eos,
874 2147 901 2210 si
926 2147 1080 2230 corrigere
1104 2165 1164 2211 non
1185 2147 1340 2221 ualemus,
1359 2145 1409 2228 qui

262 2254 352 2317 uitiis
371 2252 526 2334 inpunitis
546 2253 659 2316 uolunt
677 2256 761 2316 stare
780 2272 846 2316 rem
865 2252 1037 2336 publicam,
1054 2272 1146 2336 quam
1167 2253 1261 2336 primi
1281 2251 1409 2318 Romani

263 2360 498 2424 constituerunt
521 2362 735 2440 auxeruntque
759 2359 934 2424 uirtutibus
960 2360 1020 2424 etsi
1044 2379 1104 2425 non
1128 2361 1280 2424 habentes
1303 2377 1408 2424 ueram

263 2467 414 2548 pietatem
448 2483 521 2548 erga
553 2465 648 2528 deum
680 2484 805 2543 uerum,
839 2485 918 2548 quae
950 2467 1023 2530 illos
1056 2467 1151 2531 etiam
1182 2466 1215 2530 in
1253 2470 1407 2530 aeternam

263 2573 427 2637 ciuitatem
446 2575 557 2652 posset
575 2572 693 2636 salubri
708 2572 862 2655 religione
877 2574 1058 2656 perducere,
1074 2573 1290 2637 custodientes
1305 2576 1407 2636 maren
1424 2588 1445 2628 u

264 2679 420 2761 quandam
444 2679 494 2742 sui
518 2678 642 2762 generis
666 2677 867 2761 probitatem,
889 2699 967 2761 quae
991 2683 1101 2762 posset
1123 2691 1264 2744 terrenae
1287 2677 1408 2742 ciuitati

263 2785 513 2857 constituendae,
538 2785 701 2866 augendae
725 2786 1021 2868 conseruandaeque
1045 2787 1198 2851 sufficere.
1225 2785 1303 2850 deus
1328 2784 1407 2850 enim

300 2994 374 3064 lin]
394 2995 423 3047 et
440 2992 468 3045 iu
486 2993 517 3046 D
589 2992 753 3060 dimergeret
770 2993 798 3044 A
870 2993 939 3046 istae
959 2995 987 3058 (a
1005 3010 1039 3046 m.
1058 2998 1074 3045 1
1092 2996 1163 3062 erp.)
1181 2993 1217 3046 M
1279 2993 1406 3064 inequi-

263 3083 343 3137 citiae
363 3083 398 3147 (ci
416 3084 487 3148 exp.)
505 3081 533 3134 P
603 3081 827 3150 3adpraehensu
845 3081 873 3136 R
945 3082 1091 3136 ⁴iitauiles
1110 3081 1140 3135 D
1238 3082 1311 3136 mala
1329 3081 1407 3136 HCP

296 3173 324 3226 in
344 3171 414 3225 male
432 3170 488 3225 ER
538 3169 941 3241 5impellentius‚m.1corr.
962 3170 1160 3240 impellentium
1179 3170 1212 3223 H
1282 3171 1361 3225 basto
1379 3170 1406 3224 D

297 3262 406 3331 gurgite
425 3260 526 3328 arrepti
546 3276 588 3312 oc
606 3260 715 3329 gurgite
735 3260 842 3328 abrepti
854 3261 953 3326 slrm
1044 3259 1147 3314 abrecti
1165 3258 1196 3313 D
1286 3261 1405 3330 gurgites

262 3349 417 3402 orberemur
433 3348 462 3402 R
479 3349 603 3417 gurgites
622 3349 792 3401 sorberemur
810 3347 842 3400 H
896 3350 911 3402 6
932 3349 1092 3402 conluuione
1110 3349 1166 3404 ER
1230 3349 1244 3400 7
1265 3348 1405 3403 subbenire

261 3437 292 3492 D
345 3437 460 3505 8q‚m.
481 3435 713 3504 2aupraued1
767 3439 800 3490 10
818 3436 968 3490 luminosus
987 3436 1017 3489 E
1076 3440 1106 3491 ll
1127 3436 1317 3505 generandam,
1336 3439 1406 3490 m.2

261 3524 405 3594 gerendam
423 3525 451 3577 P
492 3525 524 3578 12
543 3524 670 3577 ciuitates
688 3523 716 3578 R
788 3529 922 3578 terrenam
941 3525 970 3577 Ε
1017 3527 1047 3580 13
1066 3529 1177 3595 propter
1196 3541 1246 3578 om.
1265 3526 1296 3579 Ε
1365 3541 1405 3578 sa·

260 3614 345 3667 lutern
359 3612 447 3667 ooaC
483 3613 515 3667 14
528 3613 712 3682 aernpiternitr'
728 3617 836 3681 (parua
850 3615 917 3682 ras.)
928 3613 965 3666 M
1001 3615 1032 3666 15
1048 3613 1182 3667 adsciscet
1192 3613 1221 3666 Ε
1235 3613 1367 3668 adscistet
1380 3611 1406 3665 R

259 3701 378 3755 adsciuit
394 3702 421 3755 A
511 3718 592 3771 quam
610 3701 712 3767 diuina,
730 3717 764 3754 m.
784 3707 799 3754 1
818 3717 887 3755 corr.
908 3718 988 3772 quam
1008 3701 1053 3754 diu
1073 3701 1135 3755 inde
1156 3701 1187 3754 H
1251 3703 1283 3756 16
1304 3729 1315 3752 ι
1334 3717 1406 3772 pere

260 3792 398 3860 grinamur
415 3791 488 3857 (suit
506 3802 531 3855 a)
550 3789 585 3842 H
653 3789 781 3843 feriamus
801 3793 828 3844 A
905 3792 1039 3860 corripere
1058 3789 1115 3844 ER
1206 3791 1237 3844 17
1257 3789 1405 3860 publicam]

259 3897 308 3951 per
324 3879 381 3933 ER
419 3881 452 3933 18
471 3880 652 3932 constiterunt
670 3895 850 3947 auxerunque,
869 3897 903 3932 m.
922 3885 937 3932 1
956 3895 1024 3958 corr.¹
1045 3879 1245 3956 constituerunt
1263 3883 1406 3933 auxerunt-

261 4012 313 4065 que
331 3994 369 4048 Μ
451 3993 578 4060 tristibus,
596 4011 630 4046 m.
651 3996 671 4047 2
689 3993 885 4048 uirtutibusO
962 3995 995 4048 19
1015 3961 1040 4067 ᾗ,
1058 4011 1115 4048 ras,
1136 3959 1151 4065 lp
1171 3994 1208 4047 11
1269 3996 1304 4048 20
1323 3995 1409 4064 possit

259 4085 346 4140 DER
412 4085 445 4138 21
466 4084 554 4152 possit
571 4083 599 4137 R
670 4087 788 4147 terrena,
806 4101 840 4137 m.
861 4088 880 4137 2
898 4087 1022 4138 terrenae
1041 4084 1078 4138 M
1094 4087 1221 4138 aeternae
1241 4085 1268 4136 A
1342 4083 1407 4137 ciui·

260 4174 326 4226 tatis
343 4173 404 4226 DE
420 4175 443 4240 (s
460 4189 495 4224 m.
515 4177 530 4224 1
551 4171 622 4240 exp.)
713 4172 748 4224 22
767 4173 942 4226 constiendae
960 4173 988 4228 R
1088 4171 1210 4243 agendae
1229 4171 1261 4224 Η
1354 4171 1408 4226 sui·

260 4260 353 4315 ficeret
366 4260 404 4313 M
419 4260 554 4314 sufficeret
573 4261 600 4314 A
