3092 4959
267 333 333 398 280
627 331 655 384 S.
681 328 820 388 Aureli
848 329 1062 399 Augustini

189 519 202 582 Ι
223 521 243 583 6
311 526 419 592 Iamne
430 543 504 609 ergo
514 526 662 592 uenimus
672 525 874 592 adcausam?
889 544 928 592 an
943 523 1047 592 adhuc
1062 525 1410 592 lecturusinstmeudus

268 635 339 698 est?
362 630 505 697 nonnulli
529 631 614 696 enim
636 634 751 715 putant
773 631 891 715 ipsum,
915 632 1000 715 quod
1024 631 1160 698 dicimus
1186 631 1409 712 eruderatum

267 758 317 804 res
341 757 417 804 uera
441 738 591 816 creditur,
609 739 671 804 hoc
695 738 800 805 solum
824 757 894 804 esse
918 741 1024 805 mente
1048 738 1202 806 contueri.
1226 738 1311 821 qnod
1329 739 1356 804 si
1371 739 1411 805 ita

269 849 328 922 est,
356 843 478 910 fallitur
499 843 564 908 ista
590 848 699 911 nostra
724 843 932 928 praelocutio,
957 846 988 913 in
1013 865 1076 929 qua
1104 845 1306 911 distinximus
1333 844 1412 912 aliud

269 969 339 1016 esse
363 949 483 1033 aliquid
505 951 621 1016 sentire
639 971 696 1036 per
714 970 830 1036 corpus
854 952 939 1018 sicut
956 953 988 1016 iu
1009 952 1096 1018 caclo
1116 953 1215 1018 solam
1237 957 1270 1018 et
1288 951 1319 1020 ia
1339 955 1412 1018 terra
1438 969 1448 1004 ⁵

269 1061 420 1135 montom,
444 1058 587 1123 arborem
611 1076 768 1142 corpusne
793 1058 959 1142 quodlibet
982 1063 1015 1124 st
1042 1056 1130 1122 aliud
1156 1058 1274 1124 mentis
1302 1058 1413 1126 intuitu

268 1183 335 1228 rem
358 1164 459 1230 nihilo
482 1165 588 1230 minus
611 1165 803 1244 euidentem,
823 1165 908 1232 siout
930 1170 1040 1232 nostra
1056 1166 1207 1234 uoluntas
1227 1185 1246 1232 a
1264 1166 1414 1232 nobismet

268 1271 350 1355 ipsis
371 1271 459 1336 intus
483 1271 649 1354 aspicitur,
668 1291 743 1338 cum
766 1273 888 1356 aliquid
911 1274 1073 1353 uolumus,
1093 1271 1413 1358 norcomannorum

269 1378 460 1462 cogitamus,
482 1379 536 1444 uel
558 1380 721 1458 memoria,
745 1398 818 1445 oum
842 1379 1054 1470 recordamur,
1078 1379 1131 1445 uei
1154 1380 1218 1446 tale
1247 1377 1365 1462 aliquid
1385 1379 1412 1444 in

270 1484 374 1550 animo
408 1485 476 1550 siue
509 1503 649 1569 corpore,
678 1484 766 1550 eliud
797 1487 904 1550 autern
938 1485 1074 1564 credere,
1104 1485 1189 1569 quod
1216 1485 1249 1551 in
1283 1484 1411 1569 corporis
1426 1499 1446 1540 u

268 1590 427 1656 meotisne
450 1594 623 1676 conspectu
642 1611 699 1657 nec
718 1592 810 1657 adest
829 1611 886 1658 nec
910 1579 1050 1658 adfuisse
1073 1593 1225 1664 recolitur
1247 1594 1334 1660 siout
1354 1593 1412 1658 sina

269 1697 455 1782 parentibus
487 1702 630 1765 creatum
661 1698 764 1764 Adam
798 1703 831 1764 et
860 1703 971 1767 nutum
1004 1718 1047 1764 ex,
1072 1700 1196 1784 uirgine
1228 1717 1411 1782 passumque

269 1805 478 1871 resurrexisse
497 1804 673 1870 Christum.
697 1805 777 1870 haec
796 1805 878 1871 enim
904 1805 998 1871 etiam
1024 1806 1229 1888 corporaliter
1246 1805 1413 1872 factumst

271 1917 303 1977 ct
328 1912 432 1978 uideri
459 1932 516 1996 per
547 1931 674 1996 corpus,
701 1914 730 1978 si
761 1915 839 1980 tunc
871 1913 1067 1991 adessemus,
1095 1913 1208 1996 utique
1240 1918 1412 1998 potueruut,

270 2039 354 2084 nunc
386 2023 493 2084 antem
526 2039 587 2086 non
620 2020 747 2097 adsunt,
781 2020 866 2086 sicut
898 2020 989 2088 adest
1018 2020 1083 2086 ista
1114 2021 1179 2100 lux,
1208 2039 1289 2104 quae
1321 2019 1411 2087 oculis
1425 2030 1446 2071 ¹⁵

271 2127 420 2204 cernitur,
440 2131 496 2194 ant
518 2126 680 2206 uoluntas,
700 2146 764 2210 qua
787 2146 870 2192 nunc
894 2126 1015 2211 aliquid
1037 2125 1199 2218 nolumus,
1218 2145 1300 2210 qnae
1318 2129 1411 2192 manta

271 2231 476 2316 conspicitur.
505 2231 563 2298 sad
589 2231 665 2316 quia
691 2233 771 2298 haec
800 2232 963 2300 distinctio
990 2233 1073 2302 falsa
1099 2252 1160 2299 non
1193 2236 1253 2311 est,
1281 2233 1410 2317 proiecto

270 2339 327 2404 illa
349 2339 560 2422 praestructio
583 2337 690 2404 miuus
713 2339 862 2418 habebat,
882 2340 968 2422 quod
989 2340 1074 2406 inter
1096 2339 1222 2406 credere
1247 2345 1280 2406 et
1303 2337 1411 2422 ahquid

270 2464 421 2529 praesens
444 2447 549 2513 mente
573 2445 767 2528 conspicere,
791 2465 830 2511 ne
854 2446 1057 2514 omnimodo
1088 2465 1188 2513 unum
1216 2449 1312 2531 atque
1337 2445 1407 2512 idem

271 2555 447 2634 putaretur,
471 2571 582 2635 parum
604 2552 690 2618 clara
711 2552 816 2618 fuerat
840 2553 1017 2620 elocutione
1041 2552 1226 2621 discretum.
1422 2558 1446 2602 ’³

182 2673 250 2739 117
317 2656 401 2736 Quid
420 2676 494 2742 ergo
515 2657 683 2726 dicemus?
702 2652 779 2724 num
799 2659 878 2726 satis
898 2663 1011 2736 estut
1027 2657 1409 2728 internosceremus

271 2765 331 2830 hoc
369 2764 486 2831 distare
529 2765 682 2839 dicamus.
720 2766 796 2850 quia
835 2767 1013 2851 praesentia
1053 2766 1213 2846 uidentur,
1255 2767 1409 2832 creduntur

272 2872 436 2937 absentia?
459 2874 551 2955 plane
574 2871 707 2938 forsitan
732 2873 811 2938 satis
841 2875 899 2954 est,
922 2873 951 2938 si
977 2873 1156 2957 praesentia
1182 2873 1238 2938 illa
1265 2871 1407 2939 hocloco

309 3168 398 3222 liam
417 3172 478 3238 (om.
498 3172 544 3238 ne)
562 3169 599 3223 M
669 3168 760 3237 adhuc,
779 3186 814 3224 m.
834 3173 854 3222 2
872 3169 961 3224 adhuc
980 3169 1007 3224 P
1078 3169 1211 3226 lectorA
1284 3161 1409 3238 aquali

271 3258 289 3311 4
307 3259 356 3325 ita,
375 3275 409 3312 m.
429 3262 444 3311 1
463 3273 533 3314 corr.
552 3259 608 3312 ista
629 3257 656 3312 Τ
751 3258 855 3328 nostra]
875 3261 971 3313 nostra
989 3259 1111 3329 superior
1129 3257 1280 3314 HMFAP
1295 3257 1362 3322 reida
1378 3253 1407 3322 ‘s-

268 3363 298 3414 ρ.
318 3347 390 3418 284,
407 3349 457 3410 10‚·
471 3348 541 3415 279,
555 3348 592 3399 14
628 3343 912 3416 sperassemus,
966 3345 1222 3416 corpus-arborem
1236 3342 1408 3414 om.,ar.2ia

272 3451 358 3506 morp.
378 3435 444 3489 odd.
463 3435 498 3490 H
566 3435 772 3505 doorpustuel
790 3435 819 3489 P
835 3451 985 3506 corpusque
1004 3435 1043 3488 M
1120 3435 1246 3506 quolibet
1262 3433 1408 3502 1113111111

273 3523 557 3594 quodlibettaliquod
575 3527 667 3593 (erae.)
686 3523 830 3593 quodlibet
852 3525 879 3578 Τ
921 3522 1021 3578 ddum
1040 3523 1101 3580 edd.
1160 3541 1362 3582 rememoremur
1379 3517 1407 3572 T¹

274 3616 304 3668 11
326 3619 499 3686 conspectum
518 3613 669 3668 HMFAP
762 3611 896 3668 adfuisse·
911 3617 936 3680 (t
954 3613 1037 3680 erue.)
1056 3613 1090 3668 H
1106 3611 1208 3669 afuisse
1226 3614 1254 3670 L
1275 3614 1365 3686 tinioso
1379 3607 1410 3664 li

275 3704 307 3756 12
327 3707 446 3759 creatum
464 3703 513 3758 aad
531 3719 547 3758 a
565 3706 610 3769 (m.
628 3707 644 3756 1
663 3700 689 3768 ἵ)
707 3718 791 3773 erepet
807 3718 865 3758 roa.
887 3701 913 3756 Τ
971 3718 1134 3773 passumque
1154 3719 1185 3758 aa
1204 3702 1369 3760 rmumexisre
1380 3693 1410 3752 u

272 3809 381 3862 passum
400 3809 464 3847 uere
483 3795 527 3860 (m.
547 3795 567 3846 2
585 3790 671 3862 nette)
689 3791 836 3846 surrexisse
854 3791 883 3843 P
954 3791 988 3846 14
1007 3789 1101 3848 uidere
1122 3791 1160 3850 Ti
1236 3785 1410 3865 potueruutP

274 3884 307 3939 15
331 3883 414 3950 siout]
438 3885 467 3935 et
489 3882 561 3936 sicut
579 3879 666 3936 HFA
758 3879 791 3934 16
815 3879 949 3936 cernimur
968 3880 996 3938 A
1104 3881 1349 3950 ant-conspicitur
1364 3891 1406 3932 on·

273 3971 394 4027 HMFA
460 3969 494 4024 18
512 3971 676 4040 perstructio
699 3967 763 4024 r¹0
835 3967 937 4025 habeat
958 3969 994 4025 Τί
1058 3971 1092 4026 19
1112 3970 1184 4024 omni
1204 3969 1294 4038 modo]
1314 3964 1408 4022 omniuo

273 4061 333 4118 edd.
405 4059 441 4114 ‘20
460 4059 606 4114 decretum
626 4059 660 4124 (is
680 4076 715 4116 m.
732 4064 749 4113 1
767 4059 799 4113 ia
816 4061 885 4131 ros.)
904 4059 942 4113 Μ
1010 4060 1044 4113 21
1065 4058 1179 4114 dicimus
1197 4051 1407 4112 aamercort

308 4149 532 4206 num-dicamus
551 4164 611 4214 om,
630 4148 663 4201 ia
679 4149 734 4217 ias.
753 4164 838 4217 moro.
858 4165 892 4202 m.
913 4153 929 4201 1
950 4147 1015 4206 odd.
1034 4145 1061 4201 L
1152 4153 1188 4199 uu
1207 4159 1278 4200 corr.
1296 4161 1328 4199 ea
1342 4138 1409 4197 tc?

273 4258 344 4296 nunc
362 4239 449 4294 HFA
504 4237 628 4306 saleco]
649 4237 744 4291 111οΑ
