3092 4959
251 445 315 507 538
606 445 633 496 S.
662 444 801 497 Aureli
828 445 1047 513 Augustini

250 637 337 714 feeit,
367 655 460 719 saepe
489 638 581 701 antea
605 637 754 701 ueniebat
777 637 807 701 in
832 638 958 719 spiritu,
987 638 1026 702 sd
1051 658 1131 721 qnos
1156 638 1295 717 nolebat,
1324 639 1399 703 uisis

251 763 305 809 ees
329 744 512 820 admonens,
537 744 622 809 sieut
644 745 784 823 uolebat,
808 747 919 828 utique
938 748 970 810 in
996 747 1123 828 spiritu,
1147 766 1210 831 qno
1234 748 1350 829 spiritu
1372 752 1402 811 et

250 850 436 916 uiuificatus
460 856 519 922 est,
544 871 617 916 eum
635 852 667 917 in
686 853 836 933 passione
860 856 947 918 esset
969 872 1060 918 earne
1083 854 1305 919 mortificatus.
1330 853 1403 936 quid

251 961 301 1023 est
324 958 419 1036 enim,
447 957 532 1040 quod
555 958 741 1023 uiuifieatus
765 962 817 1023 est
839 959 964 1041 spiritu,
993 959 1056 1023 nisi
1079 960 1165 1041 qued
1189 960 1300 1023 eadem
1324 978 1403 1037 aare,

252 1085 315 1147 qua
337 1067 407 1131 sela
429 1066 534 1129 fuerat
556 1064 778 1144 mortificatus,
803 1066 986 1131 uiuifieante
1009 1066 1125 1147 spiritu
1147 1067 1340 1133 resurrexit?
1429 1085 1439 1123 s

119 1166 236 1230 111119
296 1171 378 1236 Nem
416 1172 503 1255 qued
533 1172 631 1237 fuerit
667 1173 772 1237 anima
808 1172 1019 1239 mortificatus
1056 1174 1158 1251 Iesus,
1195 1174 1255 1237 hoe
1288 1178 1339 1237 est
1370 1192 1404 1237 ee

252 1280 379 1363 spiritu,
405 1280 460 1361 qui
478 1280 618 1345 heminis
638 1286 697 1357 est,
722 1282 794 1362 quie
814 1281 928 1345 audeat
948 1280 1063 1357 disere,
1082 1299 1157 1346 eum
1175 1300 1263 1345 mers
1286 1282 1405 1345 animae

252 1406 311 1451 nen
337 1387 465 1452 sitnisi
489 1392 669 1469 peecatum,
698 1408 803 1471 aque
827 1389 882 1453 ille
907 1389 1035 1454 omnino
1059 1389 1211 1453 immunis
1235 1388 1307 1465 fuit,
1336 1408 1405 1452 eum

252 1513 307 1576 pre
341 1494 433 1559 nobis
466 1513 558 1559 earne
590 1494 857 1559 mortificaretur?
891 1497 918 1559 si
952 1496 1035 1559 enim
1068 1496 1211 1560 emnium
1243 1496 1406 1559 hominum
1544 1564 1545 1587 χ

252 1602 375 1666 animae
400 1620 436 1665 er
459 1600 517 1665 ille
539 1620 604 1665 una
626 1605 712 1679 sunt,
740 1621 821 1683 qnae
846 1602 975 1667 sufflata
998 1607 1048 1667 est
1070 1603 1172 1685 prime
1197 1601 1331 1678 homini,
1354 1621 1409 1683 per
1425 1622 1444 1655 ιι

253 1728 348 1789 quem
378 1713 577 1791 peceatum
606 1708 771 1773 intrauit
794 1708 829 1771 in
855 1708 1030 1773 mundum
1055 1711 1092 1773 et
1119 1728 1183 1792 per
1211 1710 1406 1790 peecatum
1544 1694 1545 1697 ¹

253 1834 352 1879 mors
376 1814 490 1879 etita
513 1814 700 1879 inemnes
724 1814 896 1880 homines
926 1816 1161 1897 pertransiit,
1190 1820 1247 1880 aut
1275 1834 1336 1879 nen
1360 1820 1408 1879 est

252 1921 326 1985 inde
350 1924 456 1985 anima
479 1921 608 2000 Christi,
633 1923 783 2004 queniam
807 1922 931 1987 nullum
955 1923 1068 1987 habuit
1091 1922 1218 1988 omnino
1244 1926 1407 2005 peecatum

252 2029 307 2093 uel
343 2029 497 2111 originale
535 2029 587 2092 uel
624 2029 798 2111 preprium,
837 2032 966 2113 prepter
1000 2030 1085 2111 quod
1118 2029 1147 2093 ei
1179 2048 1266 2093 mers
1304 2028 1408 2093 debite

252 2135 416 2199 uideretur
433 2172 477 2181 —
495 2154 552 2217 pre
571 2136 663 2201 nobis
684 2155 753 2199 eam
773 2136 901 2219 qnippe,
922 2155 1016 2217 quam
1037 2156 1097 2200 non
1118 2136 1263 2208 debebat,
1282 2135 1408 2225 euoluit¹
1427 2152 1447 2191 ιι
1544 2200 1545 2205 ,

253 2244 284 2306 in
314 2262 376 2326 quo
404 2243 552 2326 princeps
580 2243 693 2307 mundi
721 2244 898 2325 mortisque
927 2244 1129 2327 praepositus
1162 2242 1242 2307 nihil
1273 2244 1407 2319 inuenit
1544 2222 1545 2243 ³

254 2370 356 2434 neque
389 2349 472 2414 enim
505 2347 680 2413 absurdum
713 2350 773 2426 est,
811 2350 857 2425 ut,
892 2348 947 2431 qui
983 2349 1085 2430 primo
1119 2348 1240 2413 homini
1273 2349 1405 2413 animam

255 2458 385 2533 creauit,
410 2458 531 2521 crearet
554 2458 587 2519 et
610 2454 673 2519 sibi
698 2492 740 2501 -
763 2458 830 2535 eut,
860 2454 887 2519 si
912 2460 945 2519 et
967 2456 1038 2538 ipsa
1060 2454 1133 2519 inde
1158 2458 1218 2533 est,
1248 2473 1318 2519 eam
1341 2472 1405 2519 sus·

256 2564 399 2646 eipiende
424 2562 600 2639 mundanit,
626 2564 663 2625 ut
681 2563 749 2626 sine
768 2562 835 2625 ullo
855 2580 984 2645 prorsus
1004 2564 1135 2644 peccate
1155 2560 1207 2625 uel
1230 2564 1404 2643 perpetrate

256 2671 308 2735 uel
336 2669 483 2734 traducto
507 2669 547 2732 ad
570 2688 628 2733 nes
656 2670 789 2734 ueniens
814 2669 852 2733 de
876 2669 1000 2753 uirgine
1028 2672 1220 2734 nasceretur.
1251 2669 1280 2734 si
1303 2672 1403 2733 antem
1421 2690 1444 2725 s

255 2778 379 2841 animae
393 2797 454 2841 non
474 2796 510 2840 ex
524 2776 581 2839 illa
599 2794 662 2839 una
680 2778 896 2859 propagantur
915 2779 947 2840 et
963 2776 1030 2840 sola
1049 2794 1086 2839 ex
1100 2774 1200 2839 Adam
1221 2794 1294 2839 earo
1313 2774 1403 2839 trehit

256 2884 409 2968 originale
427 2886 606 2965 peceatum,
626 2883 672 2946 ita
691 2881 752 2946 sibi
771 2882 893 2947 creauit
911 2883 1048 2947 animam
1064 2882 1114 2946 dei
1128 2882 1225 2959 filius,
1245 2885 1282 2947 nt
1296 2880 1403 2947 ceteris

257 2996 352 3066 creat,
391 3010 486 3073 quam
519 3009 580 3054 non
612 2993 717 3054 tamen
752 2990 837 3053 cami
870 2990 993 3071 peceati
1025 2989 1158 3053 miscuit
1189 2988 1246 3053 sed
1279 2987 1402 3052 simili·

256 3098 382 3161 tudini
415 3099 539 3161 earnis
576 3095 736 3179 peceati.
780 3096 919 3178 sumpsit
951 3096 1036 3159 enim
1069 3114 1104 3159 ex
1141 3095 1265 3179 uirgine
1301 3112 1402 3158 ueram

257 3204 384 3287 quidem
414 3204 516 3268 earnis
545 3202 768 3278 substantiam,
798 3221 859 3267 non
888 3208 992 3267 tamen
1021 3202 1143 3285 peceati
1171 3220 1307 3279 earnem,
1334 3200 1402 3283 quis
1419 3221 1443 3261 s

348 3434 379 3485 ll
394 3432 471 3483 Rem.
490 3430 565 3490 5,12
605 3428 710 3483 161011.
733 3429 774 3488 14,
795 3428 842 3493 30;
864 3430 905 3486 12,
926 3430 974 3491 31;
995 3429 1078 3485 Hebr.
1098 3429 1123 3491 2,
1138 3430 1171 3481 14
1208 3429 1243 3481 23
1259 3428 1335 3481 Rom.
1350 3426 1401 3491 ab

293 3556 367 3623 2et}
385 3556 482 3624 utique
501 3552 574 3606 etC
639 3551 748 3620 equod
766 3553 794 3605 A
864 3554 973 3607 donini
992 3557 1035 3607 est
1052 3552 1090 3607 Μ
1156 3552 1364 3605 dresurrexerit
1380 3552 1401 3603 ,1

258 3645 325 3707 9si,
343 3661 377 3697 m.
399 3644 495 3698 2siue
516 3642 543 3696 G
630 3643 663 3696 10
682 3641 810 3696 exufflata
828 3642 1013 3696 v(Jinsulllata
1032 3642 1100 3696 ΚΜ
1116 3642 1177 3697 edd.
1267 3642 1300 3693 12
1320 3638 1402 3693 autri

257 3751 312 3787 nen
330 3734 358 3786 P
431 3734 463 3787 13
483 3732 622 3801 quoniam]
644 3748 696 3801 qne
716 3732 743 3784 P
834 3733 942 3785 omnino
962 3730 1110 3785 hsbuitK
1181 3730 1214 3783 15
1233 3729 1334 3783 debeat
1352 3726 1403 3781 FG

257 3827 301 3889 (m.
320 3822 428 3876 ataid.
448 3826 468 3876 2
486 3821 615 3886 debebat)
636 3821 756 3874 habebat
775 3821 802 3873 P
871 3822 902 3873 16
923 3821 1094 3890 praepositis,
1114 3838 1149 3875 m.
1168 3825 1184 3873 1
1205 3836 1275 3875 corr.
1295 3834 1403 3889 praepe-

257 3911 371 3965 situsC
409 3912 440 3965 17
459 3910 540 3981 primi
558 3910 676 3963 hominis
694 3910 723 3961 P
764 3908 797 3962 18
818 3914 846 3961 et
867 3916 932 3963 ante
950 3910 1010 3978 ipsa
1029 3924 1081 3963 om.
1100 3908 1133 3963 K
1186 3907 1288 3977 estlet
1307 3904 1405 3961 ΜΡ

260 4002 292 4055 19
310 4006 418 4070 petratn
438 4000 465 4052 A
482 3998 664 4068 perpetrando
684 3998 720 4051 Μ
800 3997 835 4051 20
854 4000 926 4052 sicut
944 4002 1001 4064 (eut
1019 4000 1102 4067 erae.)
1120 3997 1149 4051 P
1221 3998 1254 4050 21
1276 3996 1366 4051 mima
1383 3992 1407 4047 P

293 4092 461 4159 propagatur
478 4088 509 4141 F
523 4090 570 4156 (m.
588 4093 604 4140 1
621 4102 690 4142 cerr.
710 4090 907 4156 propagantur)
921 4086 949 4140 P
1001 4086 1099 4155 Adam]
1120 4085 1216 4141 eadem
1230 4085 1258 4139 P
1293 4086 1330 4139 23
1348 4100 1406 4155 qus.

257 4196 291 4231 m.
311 4182 332 4231 2
350 4176 448 4247 qudC
518 4177 605 4244 narni]
625 4192 683 4228 eum
704 4192 784 4229 eme
803 4174 830 4227 P
900 4174 1076 4229 similitudini
1095 4180 1194 4243 (postr.
1213 4174 1231 4229 1.
1247 4192 1282 4229 m.
1302 4180 1335 4229 ut
1351 4172 1405 4227 sid.

263 4274 273 4319 1
295 4268 328 4319 in
349 4272 419 4329 ras.)
441 4266 475 4318 Μ
498 4264 678 4318 similitudine
704 4264 731 4317 G
753 4264 782 4317 in
805 4263 1013 4317 similitudinem
1032 4264 1061 4315 P
1112 4264 1146 4317 24
1165 4264 1283 4333 peceati]
1305 4262 1406 4334 peceati

259 4356 370 4409 lecitP
441 4354 512 4408 enim
532 4354 638 4407 om.M
692 4352 957 4406 2deernisom.K
