3092 4959
269 398 335 461 432
625 400 650 449 n'.
682 397 819 449 Aureli
849 399 1067 465 Augustini

270 590 435 671 superbiae
461 610 537 655 snae
560 591 760 655 resistentem
787 592 903 655 sentire
926 593 1057 656 minime
1083 597 1265 674 potuerunt.
1289 594 1373 657 unde
1391 594 1420 657 in

269 716 404 763 errorem
430 698 697 762 absurdissimum
719 699 803 780 lapsi
826 703 912 775 sunt,
941 705 987 763 ut.
1017 718 1089 763 cum
1114 700 1304 764 adsederant
1326 700 1420 763 etiam

268 805 299 867 in
330 803 507 867 Phalaridis
540 808 632 868 tauro
665 805 795 869 beatum
830 826 901 869 esse
934 808 1121 889 sapientem,
1149 810 1305 889 cogantur
1330 805 1421 868 fateri

268 912 370 975 uitam
403 910 529 975 beatum
563 911 733 993 aliqnando
767 932 838 976 esse
870 914 1065 997 fugiendam.
1103 914 1302 996 exaggeratis
1339 911 1422 975 eninr

269 1018 362 1082 malis
391 1018 530 1099 corporis
560 1019 676 1082 cedunt
703 1024 799 1101 atque
827 1021 858 1083 in
888 1038 997 1083 eorum
1030 1019 1187 1085 molestiis
1220 1018 1423 1102 grauissimis
1450 1042 1463 1080 s

269 1124 502 1188 abscedendum
539 1144 574 1188 er
606 1124 666 1188 heo
698 1125 767 1189 uite
799 1146 869 1190 esse
902 1126 1083 1192 decernunt.
1116 1127 1172 1191 ubi
1200 1127 1275 1191 nolo
1308 1126 1422 1189 dicere.

270 1233 423 1311 quantum
448 1232 492 1294 sit
509 1232 598 1297 nefus
618 1251 652 1297 se
671 1232 778 1314 ipsum
802 1234 961 1298 hominem
988 1233 1131 1298 occidere
1153 1234 1325 1299 insontem.
1351 1252 1422 1296 cum

270 1337 397 1401 omnino
423 1357 483 1401 non
508 1338 621 1402 debeat
645 1338 696 1402 uel
724 1343 902 1418 nocentem,
931 1340 1015 1404 unde
1038 1340 1068 1404 in
1093 1341 1194 1423 primo
1218 1341 1301 1404 libro
1324 1341 1422 1403 trium

268 1445 407 1521 illorum,
438 1462 517 1527 quos
542 1445 770 1530 benignissime
793 1450 827 1511 et
850 1448 1087 1512 studiosissime
1115 1447 1292 1531 perlegisti.
1321 1448 1423 1510 multa

268 1552 331 1615 ium
361 1551 508 1615 diximus.
542 1552 597 1615 sed
626 1557 710 1616 certe
739 1554 957 1618 consideretur
984 1574 1041 1619 nee
1070 1554 1204 1636 superbe
1233 1554 1291 1618 sed
1319 1554 1422 1617 sobrie
1442 1574 1464 1609 n

268 1658 437 1736 iudicetur,
468 1678 529 1740 quo
559 1660 652 1723 modo
682 1661 749 1723 uita
778 1662 872 1724 beata
895 1661 947 1735 sit,
977 1681 1039 1743 qna
1066 1680 1126 1725 nou
1151 1662 1277 1743 sapiens
1301 1666 1422 1725 retenta

268 1766 396 1841 fruitur,
421 1766 477 1830 sed
501 1765 609 1830 inlatis
634 1767 696 1830 sibi
720 1767 869 1831 manibus
894 1786 997 1832 carere
1022 1768 1236 1850 compellitur.

225 1876 245 1937 3
314 1873 373 1936 Est
400 1873 484 1954 apud
513 1872 695 1938 Ciceronem
719 1874 749 1937 in
775 1878 923 1952 extrema,
951 1879 989 1938 ut
1012 1876 1086 1952 scis,
1115 1888 1204 1956 parte
1233 1874 1337 1957 quinti
1360 1874 1422 1937 Tu·

271 1980 469 2044 sorrianarnm
486 1980 559 2044 libri
573 1980 663 2045 locus
678 1984 808 2063 propter
821 1983 891 2058 hoo,
908 1982 992 2064 quod
1007 1982 1088 2051 dico.
1109 1981 1420 2045 animaduertendus.

270 2106 342 2150 cum
367 2087 450 2150 enim
470 2087 509 2151 de
533 2088 685 2151 caecitate
710 2088 848 2169 corporis
874 2093 983 2171 ageret
1005 2093 1098 2169 etque
1122 2088 1302 2151 adfirmaret
1325 2088 1419 2151 etiam
1439 2108 1461 2145 n

269 2212 398 2257 caecum
427 2194 557 2258 beatum
587 2214 657 2258 esse
685 2214 780 2277 posse
808 2195 996 2276 sapientem,
1025 2197 1127 2259 multa
1152 2195 1238 2259 dirit.
1264 2214 1345 2276 qnae
1368 2215 1422 2275 por

272 2320 363 2364 aures
378 2300 581 2383 percipiendo
597 2302 759 2384 gauderet,
780 2303 931 2383 itemque,
953 2302 980 2365 si
995 2302 1111 2366 surdus
1127 2309 1222 2377 esset,
1244 2320 1290 2378 ea,
1306 2302 1419 2383 unibus

273 2409 494 2482 oblectaretur,
528 2408 567 2472 sd
601 2410 711 2473 oculos
744 2410 922 2485 transtulit;
957 2409 985 2471 si
1019 2414 1125 2472 autern
1158 2411 1294 2490 utroque
1325 2426 1418 2472 sensu

270 2516 450 2596 priuaretur
469 2519 501 2579 et
520 2534 632 2579 caecus
653 2516 833 2597 surdusque
856 2516 955 2596 lieret,
979 2534 1040 2580 non
1062 2518 1111 2579 est
1133 2534 1232 2579 ausus
1251 2515 1322 2578 hinc
1343 2516 1418 2578 ferre

270 2622 458 2685 sententiam
488 2642 623 2703 eumque
651 2623 779 2686 beatum
805 2622 918 2699 dicere,
942 2622 999 2686 sed
1027 2621 1149 2685 addidit
1172 2623 1268 2686 etiarn
1297 2621 1416 2684 dolores
1433 2636 1456 2672 n

360 2883 376 2935 S
396 2882 428 2935 de
448 2884 499 2937 cin.
521 2882 563 2935 dei
583 2882 596 2935 1
618 2883 722 2935 17-2s
798 2884 831 2935 13
850 2884 905 2937 oie.
926 2883 1004 2937 Tusc.
1024 2882 1093 2952 disp.
1113 2882 1136 2934 V
1156 2882 1200 2947 38,
1221 2883 1349 2940 110-40.
1365 2880 1413 2933 117

305 3060 318 3112 1
345 3076 409 3113 suae
433 3076 483 3114 om.
504 3058 541 3111 Ρ1
622 3060 732 3113 minime
762 3060 863 3112 sentire
881 3058 1013 3112 PP¹VP⁴
1032 3059 1133 3111 sentire
1158 3058 1252 3111 ..nini
1275 3058 1346 3125 (fnit
1361 3061 1411 3108 mel

267 3166 310 3202 me
329 3150 356 3201 A
425 3150 440 3201 2
462 3152 626 3210 assederant,
647 3166 681 3201 m.
701 3152 720 3201 2
739 3160 895 3201 asseuerent
914 3148 936 3202 S
1019 3150 1035 3201 3
1053 3150 1082 3200 in
1100 3148 1192 3201 sellari
1211 3148 1330 3201 distsnro
1349 3144 1410 3197 Sin

268 3236 426 3291 fabularidis
455 3242 534 3292 tauro
557 3238 586 3290 P
611 3242 688 3305 (ante
714 3236 781 3291 ridis
809 3254 829 3290 s.
853 3255 881 3290 n.
905 3254 939 3291 m.
964 3240 983 3290 2
1012 3236 1077 3290 add.
1105 3238 1151 3307 pu)
1178 3236 1217 3290 ΡΙ
1244 3236 1354 3290 inflcndi
1375 3230 1411 3285 1³²

268 3330 364 3395 :ipost
383 3328 460 3380 malis
480 3344 535 3380 ras.
558 3328 663 3381 4-51.
685 3327 710 3378 V
789 3325 905 3380 caedant
923 3325 949 3380 V
1023 3342 1078 3395 pro
1097 3322 1408 3395 atque-abscedendum

268 3434 321 3470 ros.
343 3421 418 3470 8-9
437 3418 454 3472 l.
474 3418 506 3469 in
522 3418 614 3484 primo
633 3433 660 3469 u.
680 3416 721 3484 (in
740 3434 825 3486 marg,
845 3433 871 3467 α.
890 3432 926 3471 m.
947 3416 1024 3483 add.)
1041 3414 1080 3468 1²²
1196 3415 1406 3473 notescimus.

265 3507 399 3560 molestiis
424 3506 449 3557 V
501 3509 598 3560 desse
617 3522 668 3559 om.
689 3505 727 3557 Ρ2
781 3505 893 3558 'lnelns
912 3505 950 3559 sit
972 3505 1000 3557 V
1072 3504 1110 3557 sit
1127 3518 1188 3566 om„
1206 3518 1241 3555 m.
1261 3508 1276 3556 1
1294 3500 1355 3555 add.
1372 3496 1408 3551 1³²

301 3596 378 3649 nelns
398 3613 449 3650 om.
469 3596 495 3649 A
578 3596 594 3649 8
613 3596 640 3648 in
661 3595 730 3647 libro
749 3596 836 3664 primo
856 3594 892 3648 M
967 3596 1064 3662 9post
1082 3592 1169 3646 multu
1187 3610 1244 3646 ras.
1263 3594 1333 3645 1-2
1349 3590 1364 3642 l.
1380 3588 1404 3639 A

269 3686 301 3738 10
321 3684 462 3753 superbiae
482 3687 509 3737 A
627 3684 658 3737 11
681 3701 734 3751 qun
753 3700 786 3737 ex
804 3700 873 3736 corr.
892 3701 927 3738 ru.
949 3688 975 3752 3,
994 3682 1082 3749 [utres
1098 3682 1157 3735 uid.
1177 3682 1243 3750 quis
1267 3680 1292 3732 V
1307 3674 1403 3749 quial»

267 3776 300 3827 12
331 3774 430 3827 fruitur
454 3816 569 3829 .....
595 3773 775 3843 compellitur,
807 3790 842 3825 m.
875 3776 894 3825 3
925 3772 1031 3825 fruatur
1051 3810 1163 3827 .....
1184 3770 1358 3841 compellatur
1382 3762 1404 3815 l’

267 3865 301 3917 13
330 3864 417 3932 quinti
447 3868 530 3931 (post.
547 3865 555 3914 i
570 3880 640 3926 ras.;
667 3863 755 3930 fnisse
782 3864 839 3915 uid.
870 3864 925 3928 tus)
953 3862 1109 3914 culsnnrurn
1139 3867 1183 3915 tm.
1213 3864 1234 3912 2
1257 3858 1400 3913 tusculanu-

265 3954 335 4019 rum)
354 3953 390 4006 M
435 3954 469 4005 14
488 3952 566 4015 libro,
585 3969 619 4004 m.
639 3956 658 4004 2
677 3951 784 4004 libriS
853 3952 906 4005 hoc
923 3966 975 4006 ono.
995 3949 1058 4003 PP⁸
1076 3966 1102 4002 m
1155 3951 1188 4003 15
1207 3948 1312 4019 corpori
1329 3945 1400 4010 (ss

267 4042 395 4111 corporis)
415 4044 544 4110 suggeret
564 4046 609 4107 (m.
628 4041 673 4095 1?
692 4056 760 4095 corr.
781 4043 952 4109 suggereret)
971 4038 994 4093 S
1011 4040 1129 4109 corporis
1153 4043 1283 4107 suggeret
1304 4042 1345 4105 (nr.
1362 4038 1374 4085 l
1385 4031 1400 4083 ἓ

266 4148 335 4185 corr,
360 4138 462 4198 ageret,
486 4148 520 4184 m.
546 4134 566 4183 2
588 4134 760 4199 suggereret)
784 4129 822 4182 P¹
850 4130 969 4198 corporis
996 4133 1107 4197 sugeret
1135 4132 1216 4192 (corr.
1245 4125 1397 4197 suggereret)

269 4220 296 4273 V
349 4220 383 4273 19
402 4219 543 4273 orbaretur
562 4220 587 4273 L
607 4220 666 4273 edd.
739 4218 786 4272 lric
803 4220 874 4273 ferre
892 4218 931 4272 P²
948 4218 1047 4272 inferre
1066 4217 1093 4271 P
1164 4218 1199 4270 20
1217 4208 1397 4271 sententiaeb

301 4309 379 4363 addit
396 4309 422 4361 L
