3092 4959
541 442 806 512 epistularum
838 443 942 499 CLVII.
1255 452 1320 513 473

166 638 293 714 fuisset,
327 643 502 701 mereretur
535 641 567 701 et
598 638 667 719 ipse
698 639 959 704 misericordiam.
994 645 1026 706 et
1055 642 1082 705 si
1110 644 1242 725 pauperi
1275 644 1322 707 iiii

167 744 317 807 meritum
343 748 429 808 esset
451 744 568 827 inopia,
597 764 659 808 non
683 745 818 825 iustitia,
849 764 908 810 nou
939 748 1050 829 utique
1080 748 1117 811 ab
1146 750 1267 831 angelis
1291 750 1322 812 in

167 850 312 914 Abrabae
345 852 514 934 gremium.
551 852 602 933 qui
639 852 730 915 dines
762 852 814 916 hic
847 853 960 929 fuerat,
994 854 1259 919 tollei·etu1·.‘sed
1287 860 1324 919 ut

166 956 261 1019 nobis
299 957 519 1022 ostenderetur
554 977 612 1022 nee
645 958 675 1021 in
709 958 772 1021 isto
806 977 862 1040 per
894 978 928 1023 se
965 941 1066 1042 ipsam
1104 966 1321 1045 paupertatem

133 1061 325 1127 odiuinitus
350 1062 535 1127 honoratam
560 1082 616 1127 nec
642 1064 671 1126 in
697 1064 753 1128 illo
778 1064 909 1129 diuitias
934 1066 1034 1129 fuisse
1063 1066 1239 1143 damnatae,
1268 1069 1324 1133 sed

167 1170 200 1232 iu
224 1169 286 1233 isto
311 1169 474 1251 pietatem,
501 1172 532 1233 in
558 1170 614 1235 ilio
639 1170 838 1253 impietatem
863 1190 938 1235 suos
964 1173 1067 1237 exitus
1091 1174 1253 1253 babuisse,
1278 1176 1324 1239 sio

168 1276 313 1359 suscepit
348 1277 483 1359 impium
521 1276 654 1341 diuitem
693 1278 853 1342 cruciatus
891 1278 985 1362 ignia,
1023 1282 1059 1343 ut
1091 1286 1197 1344 tamen
1234 1282 1323 1362 pium

167 1402 339 1465 pauperem
373 1384 550 1465 susciperet
583 1384 672 1447 sinus
706 1383 828 1448 diuitis.
862 1385 914 1467 qui
948 1404 1021 1449 sane
1051 1405 1125 1450 cum
1153 1387 1204 1451 hio
1233 1388 1324 1451 diues

167 1490 303 1567 uiueret,
337 1489 466 1554 diuitias
496 1490 542 1554 sic
574 1490 713 1556 habebat
742 1495 774 1555 et
802 1510 854 1555 aas
883 1510 939 1572 pro
969 1492 1019 1555 dai
1051 1494 1230 1576 praeceptis
1259 1498 1324 1557 tam

118 1622 146 1659 ro
167 1598 260 1678 parui
285 1597 452 1679 pendebat,
481 1602 518 1662 ut
542 1598 636 1662 etiam
665 1598 769 1681 ipsius
798 1599 1017 1664 immolatione
1045 1601 1144 1665 nollet
1169 1600 1325 1665 offendere

169 1702 264 1767 deum
285 1703 457 1782 iubentem,
478 1724 572 1786 quem
593 1723 723 1768 suarum
739 1704 923 1769 diuitiarum
942 1709 972 1770 et
987 1706 1135 1788 sperabat
1147 1711 1180 1772 et
1194 1710 1325 1791 optabat

168 1810 326 1874 heredem.

69 1916 117 1978 24
215 1918 277 1981 Hic
314 1917 425 1999 utique
464 1919 575 1982 dicunt
610 1918 681 1983 ideo
719 1922 825 2002 patres
864 1920 1011 2001 antiquos
1049 1940 1109 1985 non
1143 1922 1325 1987 uendidisse

169 2025 287 2101 omnia,
321 2044 400 2107 quae
429 2025 598 2102 habebant,
632 2030 664 2089 et
692 2024 819 2091 dedisse
848 2027 1052 2110 pauperibus,
1088 2028 1163 2111 quia
1190 2030 1250 2093 hoe
1280 2030 1325 2093 eis

120 2156 149 2195 ra
170 2152 232 2196 non
261 2135 463 2213 praeceperat
491 2132 649 2196 dominns.
681 2132 820 2197 nondum
849 2132 930 2196 enim
960 2134 1101 2198 reuelato
1131 2138 1323 2201 testamento

171 2258 266 2317 nouo,
297 2238 382 2321 quod
405 2259 466 2303 non
489 2239 558 2303 fieri
581 2238 643 2304 nisi
667 2238 864 2321 plenitudine
888 2240 1041 2323 temporis
1067 2241 1243 2323 oportebat,
1269 2261 1326 2307 nee

171 2365 283 2409 eorum
307 2346 411 2410 uirtus
434 2347 539 2410 suerat
561 2347 741 2423 reuelanda,
775 2366 837 2428 qua
864 2348 983 2411 uirtute
1012 2348 1071 2412 hoc
1097 2366 1150 2412 eos
1174 2348 1326 2412 facillime

170 2472 266 2533 posse
296 2452 375 2516 deus
399 2453 429 2516 iu
451 2472 558 2517 eorum
588 2453 736 2517 cordibus
765 2457 905 2532 uouerat,
935 2454 988 2535 qui
1017 2454 1233 2519 testimouium
1259 2456 1324 2519 illis

169 2564 238 2621 tam
262 2558 387 2641 insigne
412 2558 607 2641 perhibebat,
631 2564 677 2636 ut,
702 2578 775 2623 oum
795 2560 838 2623 sit
857 2560 998 2623 omnium
1023 2566 1205 2624 sanctorum
1230 2564 1324 2643 atque

118 2665 330 2728 iniustorum
363 2664 452 2741 deus,
489 2669 652 2746 tamquam
687 2666 724 2729 de
757 2666 936 2749 praecipuis
975 2667 1086 2731 amicis
1121 2668 1189 2731 suis
1221 2668 1325 2733 dioere

170 2770 371 2854 dignaretur:
406 2770 482 2854 ligo
517 2790 596 2834 sum
629 2770 721 2835 deus
755 2772 940 2835 Abrabam
970 2776 1007 2837 ab
1034 2773 1124 2838 deus
1153 2774 1260 2839 Isaac
1289 2782 1326 2837 et

169 2877 263 2940 deus
292 2876 423 2951 Iaeob;
452 2878 523 2942 hoc
545 2878 638 2941 mibi
664 2898 794 2942 nomen
825 2882 881 2943 osb
906 2880 941 2942 in
967 2884 1171 2943 aeternnm.
1200 2884 1325 2962 postea-

170 3002 267 3065 quam
283 3002 358 3046 uero
373 3002 546 3067 maguum
561 2985 722 3065 pietatis
743 2990 1019 3049 sacramentum
1034 2987 1324 3051 manifestatum

169 3093 230 3153 est
252 3089 286 3153 iu
313 3108 423 3153 carne
447 3095 480 3154 et
503 3091 654 3154 uocandis
670 3089 826 3157 ¹omnibus
850 3093 999 3177 gentibus
1025 3092 1142 3157 Christi
1167 3092 1324 3156 aduentus

261 3333 277 3385 8
297 3333 364 3386 Gon.
383 3334 426 3395 22,
448 3334 535 3387 1—10
628 3336 661 3388 16
682 3334 741 3388 Gal.
760 3336 785 3397 4,
806 3337 837 3399 4;
856 3335 926 3403 pr.
948 3336 971 3395 1,
992 3336 1024 3389 10
1119 3337 1151 3388 21
1173 3336 1223 3389 Ex.
1243 3336 1269 3399 3,
1291 3338 1324 3390 15

168 3423 206 3474 23
226 3420 240 3473 1
258 3421 326 3473 Tim.
346 3422 371 3480 3,
393 3423 427 3476 16

206 3547 432 3614 4panpertatem
452 3563 547 3615 perso
567 3548 655 3615 ipsam
677 3546 780 3600 Tcdd.
855 3548 942 3616 ipsum
965 3547 1013 3602 CO
1067 3548 1211 3601 osuuso
1284 3550 1322 3601 sic

167 3649 226 3689 rao.
247 3634 384 3687 anisa
437 3635 650 3704 isuacipietl’
702 3636 898 3704 Spauperem]
919 3635 1074 3687 diuitemP
1145 3636 1220 3689 sinus
1239 3638 1324 3689 susei-

167 3725 248 3791 peret
270 3721 295 3774 Τ
312 3723 462 3792 susceperit
481 3724 557 3775 sinus
576 3724 604 3776 P
675 3725 691 3776 9
711 3726 739 3776 et
756 3738 814 3777 raa.
835 3729 861 3777 et
880 3740 948 3777 corr.
968 3740 1001 3777 aa
1019 3728 1051 3776 ut
1073 3724 1097 3777 T
1177 3740 1242 3794 prae
1262 3723 1322 3776 edd.

162 3815 282 3880 praeter
301 3828 319 3863 a
412 3812 444 3863 10
463 3811 597 3879 perdebat
619 3812 642 3864 0
658 3816 702 3881 (m.
721 3816 737 3864 1
756 3827 826 3865 corr.
846 3811 1041 3880 pendebat)O
1126 3814 1207 3866 etiam
1228 3812 1324 3880 ipsius]

168 3899 253 3952 etiam
273 3899 359 3968 ipsine
377 3900 417 3953 fili
436 3900 464 3952 P
480 3900 565 3970 ipsius
586 3901 669 3953 etiam
688 3900 738 3953 filii
761 3900 885 3953 Tatium
906 3902 992 3970 ipsius
1011 3901 1061 3955 filii
1081 3901 1141 3955 ead.
1180 3901 1213 3954 13
1229 3899 1324 3953 dicunt

167 3990 266 4057 utique
285 3988 311 4042 L
383 3989 562 4051 uendidisset,
582 4006 652 4043 corr.
672 3989 828 4043 nerndidisse
847 3990 874 4041 L
939 3991 972 4043 14
990 3990 1111 4043 habebat
1130 3990 1156 4042 P
1224 3989 1257 4042 19
1276 3992 1325 4056 tao

166 4078 432 4145 (=tamqnam)1’
509 4082 591 4146 atque
610 4077 743 4131 iustorum
764 4094 816 4131 om.
842 4078 866 4129 Τ
883 4076 943 4131 cdd.
1017 4078 1051 4130 20
1072 4077 1223 4145 praecipuis
1243 4078 1325 4143 (inter

168 4184 186 4218 u
208 4172 235 4218 et
251 4166 260 4218 i
275 4183 373 4234 panaro
391 4169 460 4233 aaa)
479 4166 505 4218 L
582 4166 614 4219 21
638 4171 745 4234 etpost
763 4167 901 4219 Abrabam
921 4184 972 4220 om.
995 4166 1074 4219 COT
1091 4166 1151 4219 edd.
1171 4182 1221 4220 sec.
1246 4165 1323 4231 anp.

167 4254 239 4321 (cod.
259 4256 425 4308 Amicimur
443 4256 526 4310 itabat
545 4258 583 4321 et)
658 4261 765 4325 etpost
784 4255 861 4309 Isaac
881 4272 931 4309 om.
953 4255 1013 4309 edd.
1087 4256 1121 4308 22
1144 4258 1242 4324 postea
1262 4270 1324 4307 uero

168 4360 251 4413 quam
272 4342 327 4396 Lu
342 4343 403 4396 edd.
458 4344 640 4413 augentibus
660 4344 785 4397 omnibus
805 4344 893 4413 riparia
913 4360 981 4398 coru.
1006 4343 1031 4395 Τ
