3092 4959
519 351 784 420 epistularum
812 350 983 406 CXXXVHI.
1259 357 1321 420 145

174 548 222 612 sic
245 549 382 613 ostendit
407 549 437 612 in
457 549 699 630 opulentissimo
719 551 751 612 et
768 549 928 630 praeclaro
947 549 1080 630 imperio
1098 549 1322 627 Romanorum,
1358 567 1366 582 ·

174 658 327 735 quantum
353 656 495 720 ualerent
517 655 629 720 ciuiles
649 655 744 719 etiam
764 656 832 719 sine
851 675 926 720 uera
948 655 1100 739 religione
1119 656 1267 730 uirtutes,
1287 661 1324 721 ut

173 761 413 844 intellegeretur
434 764 492 827 hac
515 763 623 826 addita
645 761 710 826 fieri
735 763 879 827 homines
904 765 991 828 ciues
1015 763 1146 828 alterius
1171 763 1324 841 ciuitatis,

175 866 267 930 cuius
295 886 347 932 rer
373 869 503 944 ueritas,
532 870 623 932 cuius
652 872 702 932 lex
732 870 857 944 caritas,
882 870 973 933 onius
1001 869 1115 934 modus
1144 870 1323 936 aeternitas.

52 975 98 1036 18
140 1001 154 1040 s
221 971 300 1051 Quis
328 979 435 1040 autem
465 977 517 1039 uel
548 977 615 1039 risu
650 975 780 1059 dignum
814 979 916 1058 potet,
946 975 1030 1057 qdod
1056 976 1260 1058 Apollonium
1293 981 1327 1043 et

173 1081 346 1163 Apuleium
370 1085 554 1164 ceterosque
577 1083 773 1166 magicarum
802 1085 918 1148 artium
946 1083 1156 1166 peritissimos
1186 1084 1324 1149 conterre

176 1187 303 1252 Christo
326 1188 379 1252 uel
402 1189 498 1252 etiarn
520 1189 677 1270 praeferre
705 1193 878 1252 conantur?
910 1208 1102 1270 quamquam
1126 1191 1324 1255 tolerabilius

174 1294 339 1358 ferendum
368 1297 421 1373 sit,
449 1295 573 1377 quando
601 1295 682 1359 istos
711 1295 740 1358 ei
767 1296 876 1377 potius
910 1299 1092 1378 comparant
1122 1315 1216 1377 quam
1249 1297 1325 1361 deos

175 1421 267 1477 suos;
291 1403 391 1467 multo
417 1403 500 1467 enim
523 1403 644 1467 melior.
670 1401 755 1484 quod
777 1402 940 1466 fatendum
970 1409 1029 1479 est,
1052 1401 1241 1483 Apollonius
1264 1403 1327 1467 fuit

127 1539 155 1576 ro
175 1529 271 1590 quam
294 1511 344 1574 tot
366 1514 547 1593 stuprorum
571 1513 684 1573 auctor
707 1513 739 1572 et
756 1511 962 1589 perpetrator,
982 1528 1076 1590 quem
1095 1509 1204 1572 Ionem
1227 1509 1326 1573 nomi-

176 1620 261 1680 nant.
294 1616 365 1692 iata,
394 1617 551 1699 inquiunt,
579 1616 726 1680 fabulosa
758 1620 841 1679 sunt.
875 1615 978 1679 adbuc
1012 1634 1085 1698 ergo
1119 1615 1249 1679 laudent
1280 1615 1325 1679 rei

176 1723 324 1807 publicae
337 1724 541 1800 luxuriosam,
551 1723 748 1787 licentiosam
764 1722 921 1804 planeque
932 1721 1118 1805 sacrilegam
1130 1721 1326 1798 felicitatem,

177 1849 257 1912 quae
281 1831 344 1894 ista
366 1830 497 1894 deorum
520 1832 634 1912 probra
657 1829 816 1906 confinxit,
837 1848 916 1910 qrnae
940 1847 1000 1893 non
1025 1828 1130 1892 solum
1153 1829 1184 1892 in
1209 1827 1326 1894 fabulis

176 1937 334 2002 audienda
355 1938 473 2020 posuit,
493 1957 605 2000 nerum
626 1937 721 2000 etiam
746 1936 777 2000 in
803 1935 935 2000 theatris
960 1935 1132 2016 spectanda
1150 1934 1326 2018 proposuit,

125 2073 153 2115 ss
175 2044 231 2108 ubi
259 2043 392 2108 crimina
424 2047 531 2108 esseut
562 2043 654 2124 plura
686 2061 781 2125 quam
814 2043 953 2116 numina,
983 2059 1063 2122 quae
1094 2041 1158 2123 ipsi
1190 2041 1232 2103 dii
1266 2041 1327 2106 sibi

175 2151 317 2215 exhiberi
346 2151 506 2214 habebant
540 2150 685 2224 libenter,
719 2151 774 2232 qui
809 2150 841 2213 in
879 2168 954 2213 suos
992 2147 1131 2212 cultores
1169 2147 1328 2211 uindicare

176 2257 365 2333 debuerunt,
390 2257 475 2340 quod
503 2276 539 2321 ea
567 2257 713 2320 uiderent
741 2258 856 2321 saltem
884 2255 1048 2339 patienter.
1078 2254 1135 2319 sod
1161 2271 1221 2318 non
1253 2257 1329 2317 sunt

174 2365 250 2446 ipsi,
273 2363 431 2446 inquiunt,
451 2363 505 2443 qui
528 2362 641 2426 talium
663 2361 842 2426 fabularum
862 2361 1025 2426 mendacio
1045 2359 1250 2423 celebrantur.
1273 2358 1328 2439 qui

177 2490 254 2556 ergo
273 2474 349 2534 suunt
366 2470 432 2547 isti,
452 2470 507 2550 qni
525 2469 637 2532 talium
657 2468 892 2550 turpitudinum
913 2467 1124 2532 celebratione
1143 2466 1327 2549 placantur?

122 2610 154 2648 ιο
176 2579 293 2642 borum
317 2577 506 2642 daemonum
529 2575 770 2658 peruersitatem
795 2578 889 2649 atoue
912 2573 1081 2650 fallaciam,
1106 2593 1162 2656 per
1189 2590 1268 2653 qnos
1297 2575 1331 2634 et

177 2685 323 2767 magicae
341 2687 425 2748 artes
444 2684 597 2747 humanas
613 2685 736 2746 mentes
756 2681 929 2763 decipiunt,
945 2681 1020 2762 quia
1034 2680 1174 2764 prodidit
1187 2679 1330 2742 doctrina

217 2928 300 2997 laio]
320 2929 343 2981 si
362 2928 388 2980 A
479 2925 690 2994 3intellegetur
708 2925 741 2977 Η
825 2924 876 2978 hac
895 2928 972 2990 (am.
991 2922 1328 2989 ainrao.;sciseeuid.
1387 2949 1393 2960 ι

178 3023 223 3083 ae)
239 3017 266 3070 P
283 3018 350 3070 haee
364 3015 488 3070 EHRM
502 3019 547 3083 (m.
563 3013 724 3080 211111)Αο
778 2998 883 3081 addita]¹
903 3013 997 3066 addita
1010 3013 1143 3080 religione
1158 3013 1184 3064 A
1221 3011 1328 3065 ⁴leuius

176 3109 222 3162 lex
242 3106 340 3160 caritas
359 3121 410 3158 om.
428 3105 494 3160 ΒΜ
511 3107 554 3170 (m.
574 3107 590 3156 1
609 3103 624 3156 ‚9
641 3121 663 3157 e.
683 3120 710 3156 u.
731 3103 809 3166 add.)
864 3118 947 3170 super
965 3101 1060 3154 modus
1079 3119 1115 3156 m.
1134 3104 1153 3154 2
1173 3099 1283 3154 uiuendi
1302 3099 1328 3150 A

178 3196 283 3255 modos.
301 3213 336 3248 m.
356 3199 371 3247 1
389 3193 572 3248 commodus
591 3193 626 3246 nl
717 3195 820 3259 bonas
839 3190 866 3244 A
951 3191 1033 3243 risum
1052 3189 1162 3252 Rrisu,
1182 3205 1217 3242 m.
1237 3191 1328 3242 211011

178 3287 237 3340 risu
255 3283 317 3338 Mc
403 3284 565 3353 putetlnou
585 3285 664 3350 putet
682 3281 743 3334 edd.
818 3281 1009 3342 bmaicarnm,
1028 3296 1062 3332 m.
1082 3281 1101 3332 2
1120 3278 1285 3346 magicarum
1304 3277 1332 3328 P

218 3372 445 3443 lamperissimos
459 3372 504 3441 (m.
520 3375 535 3424 1
548 3387 617 3424 corr.
636 3369 826 3438 peritissimos)
841 3367 868 3421 P
904 3369 918 3420 7
936 3367 1173 3436 quamquam-sit
1187 3381 1248 3432 om,
1260 3381 1294 3418 m.
1311 3369 1330 3418 2

178 3465 212 3517 in
230 3478 317 3530 marp.
337 3460 403 3516 add.
421 3460 456 3512 H
540 3459 693 3511 tolerabilis
712 3457 742 3510 D
817 3457 933 3524 8quam
954 3458 1102 3524 conparant
1120 3455 1150 3509 D
1222 3452 1330 3520 tlmeli,

178 3570 216 3607 m.
236 3549 418 3604 2meliorH
436 3548 533 3602 melius
553 3547 609 3601 ER
687 3548 751 3600 ein
769 3562 828 3600 ras.
847 3563 881 3599 m.
901 3549 916 3598 1
935 3547 970 3598 M
1059 3545 1090 3596 ll
1112 3543 1238 3596 fabulosa
1256 3543 1331 3611 sunt]

179 3641 290 3696 fabulas
305 3643 329 3707 (s
348 3655 418 3692 erae.
437 3644 463 3692 ct
479 3654 568 3706 supra
585 3654 619 3688 m.
640 3640 660 3688 2
678 3639 703 3702 e)
721 3636 749 3688 P
855 3635 977 3701 laudant,
995 3651 1030 3686 m.
1050 3637 1064 3685 1
1083 3650 1151 3686 corr.
1171 3632 1285 3686 laudent
1302 3630 1333 3683 E

184 3733 217 3784 12
240 3729 410 3784 licentiosam
433 3744 493 3794 oon,
517 3743 551 3779 on.
576 3729 595 3778 2
617 3727 649 3778 in
670 3742 756 3793 marp.
783 3724 848 3778 odd.
873 3723 907 3776 Η
983 3725 1015 3775 13
1043 3722 1143 3791 probra
1171 3721 1282 3774 deorum
1306 3720 1333 3771 P

218 3819 329 3874 confluit
346 3818 376 3871 D
422 3817 454 3869 15
473 3816 552 3886 plora
570 3819 663 3868 esseut
680 3815 740 3867 edd.
800 3814 910 3866 uomina
927 3811 1044 3866 ERMA
1065 3827 1107 3862 ae
1154 3812 1186 3864 16
1206 3808 1330 3862 exhibere

180 3910 239 3963 ER
309 3907 456 3974 habebant,
474 3923 508 3958 m.
529 3909 548 3959 2
566 3905 699 3958 iubebant
719 3903 768 3956 ΟΡ
840 3903 894 3971 qui,
913 3919 947 3954 m.
969 3904 988 3954 2
1007 3917 1057 3969 que
1076 3898 1111 3951 H
1185 3896 1331 3962 auditores,

180 4017 216 4055 m.
236 4003 252 4052 1
270 4013 339 4052 corr.
358 3995 475 4049 cultores
493 3994 532 4047 Μ
565 3995 597 4047 17
619 3993 701 4063 qnod]
721 3993 819 4060 quaE
836 3991 957 4060 quamll
1012 3989 1104 4042 uidere
1124 3985 1179 4040 ER
1233 3985 1330 4038 saltem

181 4086 310 4140 uiderent
328 4083 388 4138 cdd.
442 4083 496 4151 ipsi
513 4083 641 4150 inquiunt
660 4092 724 4134 sunt
743 4080 804 4134 cdd.
858 4081 889 4133 18
909 4080 972 4148 ipsi]
994 4078 1046 4130 sibi
1066 4075 1099 4130 Η
1148 4074 1279 4127 1911111111
1301 4071 1332 4124 H

181 4177 218 4229 20
238 4176 277 4244 et]
295 4176 322 4227 in
342 4174 372 4226 D
439 4174 471 4224 21
493 4171 559 4225 artis
579 4171 643 4224 DH
659 4176 678 4237 (1
698 4171 730 4223 in
747 4188 821 4236 r·as.,·
833 4169 895 4236 fuit
914 4173 938 4233 e)
1014 4181 1067 4236 qna
1086 4165 1113 4216 A
1186 4161 1332 4215 christiana

182 4265 308 4320 doctrina
326 4262 386 4316 edd.

209 4389 339 4431 xxxxrnr
350 4388 410 4436 nug.
425 4391 480 4428 sect,
490 4387 513 4426 11
521 4383 597 4436 parea
841 4401 842 4406 κ
1264 4357 1297 4410 10
