3092 4959
302 362 344 426 86
656 356 683 412 S.
712 355 849 411 Aureli
876 355 1095 426 Augustini

299 556 408 630 timeo,
432 554 493 619 hoc
515 573 554 618 ne
575 552 634 621 fiat
652 554 684 618 et
703 552 901 620 Christianus
923 552 1059 618 iudicem
1079 569 1157 634 rogo
1181 553 1214 616 et
1233 550 1447 618 Christianum

301 662 469 747 episcopus
492 680 615 727 moneo.

257 768 277 831 3
344 769 392 834 De
415 768 508 834 uobis
532 767 660 851 quidem
685 767 802 832 dixisse
825 766 1005 850 apostolom
1027 765 1178 850 legimus,
1198 763 1283 847 quod
1300 783 1363 830 non
1382 765 1449 830 sins

301 895 399 940 cansa
417 875 560 959 gladium
580 875 698 958 geratis
718 877 752 939 et
769 872 907 938 ministri
926 872 976 938 dei
995 871 1077 948 sitis,
1095 871 1241 938 uindices
1260 873 1293 936 in
1311 890 1379 948 eos,
1396 875 1449 955 qui

300 984 384 1048 male
407 985 515 1066 agunt.
538 981 593 1046 sed
617 980 680 1046 alia
701 999 799 1045 causa
822 984 872 1045 est
897 979 1089 1062 prouinciae,
1114 979 1176 1044 alia
1204 982 1254 1044 est
1281 979 1448 1044 ecclesias:
1475 1005 1485 1044 s

299 1089 388 1154 illins
414 1087 599 1153 terribiliter
630 1087 767 1171 gerenda
799 1091 849 1152 cst
880 1085 1121 1158 administratio,
1149 1085 1246 1150 huius
1280 1086 1452 1151 clementer

300 1194 548 1261 commendanda
571 1197 622 1259 est
643 1193 865 1259 mansuetudo.
890 1193 918 1256 si
941 1193 1026 1277 apud
1048 1193 1187 1258 iudicem
1210 1212 1272 1258 non
1297 1191 1451 1258 Christia-

300 1321 377 1366 num
404 1301 483 1365 milri
511 1319 614 1366 sermo
643 1304 738 1376 esset,
767 1300 859 1365 aliter
890 1319 1015 1385 agerem
1048 1317 1106 1364 nec
1137 1302 1244 1364 tamen
1277 1300 1375 1364 etiam
1406 1301 1451 1364 sie

301 1408 453 1474 ecclesiae
477 1425 605 1472 causam
630 1406 807 1471 desererem
828 1409 868 1486 et,
887 1410 1039 1489 quantum
1063 1406 1232 1471 admittere
1256 1405 1452 1490 dignaretur,

300 1515 461 1590 instarem,
485 1533 524 1578 ne
547 1514 712 1596 passiones
736 1531 901 1578 seruorum
929 1513 980 1577 dei
1007 1511 1247 1590 catholicorum,
1272 1531 1355 1596 quae
1383 1532 1452 1596 pro·
1467 1538 1490 1576 n

301 1622 394 1687 desse
434 1619 551 1686 debent
591 1620 630 1685 ad
672 1619 815 1703 exempla
854 1620 1036 1703 patientiae,
1076 1619 1276 1685 inimicomm
1318 1638 1452 1686 suorum

302 1727 454 1812 sanguine
476 1727 685 1803 foedarentur,
709 1730 751 1799 et,
776 1725 805 1790 si
827 1726 926 1792 nollet
950 1726 1164 1809 adquiescere,
1187 1725 1316 1791 inimico
1347 1727 1452 1791 animo

302 1854 374 1899 enm
412 1834 560 1899 resistere
592 1833 779 1915 suspicarer.
815 1851 897 1898 nunc
930 1851 1016 1910 uero,
1050 1831 1173 1915 quando
1211 1831 1293 1917 apud
1331 1837 1365 1898 te
1402 1853 1452 1898 res

302 1943 417 2026 agitur,
436 1940 499 2006 alia
516 1939 596 2004 mihi
613 1940 693 2004 ratio
714 1942 773 2016 est,
794 1938 855 2002 alia
874 1939 1076 2004 consultatio.
1095 1943 1250 2004 rectorem
1268 1945 1302 2004 tc
1320 1939 1450 2022 quidem

301 2047 480 2131 praecelsae
511 2047 681 2130 potestatis
712 2045 868 2115 uidemus,
902 2045 958 2110 sed
990 2046 1085 2111 etiam
1117 2045 1218 2112 filium
1252 2045 1490 2112 christiannos

300 2154 429 2240 pietatis
457 2154 671 2239 agnoscimus.
702 2152 859 2218 subdatur
886 2153 1067 2218 sublimitas
1093 2157 1160 2227 tua,
1190 2153 1346 2220 subdatur
1371 2153 1452 2218 fides

300 2261 371 2337 t'ua3
391 2279 519 2327 causam
539 2264 646 2325 tecum
665 2263 766 2324 tracto
788 2244 998 2337 communem,
1014 2260 1069 2324 sed
1088 2265 1123 2325 tu
1142 2261 1173 2325 in
1193 2277 1231 2324 ea
1247 2263 1352 2342 potos,
1367 2261 1452 2342 quod

301 2387 360 2451 ego
397 2387 458 2434 non
500 2385 646 2450 possum3
689 2367 797 2432 confer
834 2366 1000 2432 nobiscum
1043 2367 1210 2433 consilium
1253 2369 1285 2430 et
1324 2369 1453 2452 porrige

301 2474 463 2539 auxilium.

256 2593 278 2658 4
346 2581 524 2666 Diligenter
551 2584 658 2645 actum
683 2583 742 2656 est,
766 2583 805 2644 ut
827 2579 947 2645 inimici
971 2578 1133 2654 eeclesiae,
1159 2579 1212 2661 qui
1236 2581 1344 2644 solent
1365 2581 1453 2644 uani·
1467 2603 1492 2644 s

300 2688 408 2771 loquio
437 2687 631 2753 seductionis
665 2686 838 2752 sollicitare
871 2686 992 2751 animos
1024 2685 1177 2769 inperitos
1211 2689 1376 2769 tamquam
1416 2686 1454 2751 de

300 2795 522 2878 persecutione
559 2795 742 2879 gloriantes,
781 2812 875 2877 quam
913 2813 946 2858 se
978 2793 1101 2876 perpeti
1134 2793 1263 2868 iactant,
1296 2794 1454 2858 horrenda

300 2901 439 2966 facinora
462 2920 521 2966 sua
542 2902 573 2965 in
594 2902 769 2966 catholicos
790 2900 922 2966 clericos
940 2905 1120 2984 perpetrata
1138 2900 1314 2965 faterentur
1332 2903 1366 2964 et
1384 2901 1454 2964 suis

391 3163 408 3217 a
426 3161 504 3216 aon.
526 3163 568 3231 ra,
586 3163 604 3216 4

339 3285 424 3339 lhoc
442 3301 493 3340 om.
513 3285 544 3340 Ε
614 3285 791 3341 christianum
810 3287 840 3341 Ε
919 3285 956 3357 et]
977 3303 1056 3358 quem
1075 3287 1106 3340 ut
1124 3286 1154 3340 E
1243 3286 1409 3341 christianus
1428 3287 1458 3342 Ε

302 3374 530 3445 3quidem1non
550 3373 660 3444 quidem
678 3377 708 3430 Ε
805 3375 958 3446 apostolum
979 3374 1077 3430 dixisse
1096 3375 1124 3430 R
1214 3376 1306 3430 5elia
1324 3377 1378 3446 est]
1400 3377 1455 3430 alia

302 3480 383 3517 causa
402 3466 445 3517 cst
462 3464 493 3518 Ε
509 3464 564 3518 alia
581 3463 610 3518 R
700 3466 717 3517 6
737 3465 865 3534 geronda,
884 3483 918 3519 m.
938 3471 953 3519 1
971 3481 1040 3519 corr.
1061 3463 1180 3534 gerenda
1199 3466 1226 3517 Δ
1317 3481 1454 3520 commen·

302 3551 391 3607 danda
410 3557 453 3606 est
469 3553 649 3607 mansuetudo
669 3553 816 3608 elementer
837 3554 862 3607 Τ
950 3555 967 3608 8
987 3571 1045 3608 esse
1063 3553 1157 3608 taliter
1174 3553 1205 3608 F
1221 3557 1295 3608 esset
1312 3555 1410 3608 taliter
1428 3557 1454 3609 A

301 3641 410 3696 adesset
429 3642 510 3696 aliter
526 3642 555 3697 R
628 3659 748 3712 gererem
765 3641 794 3696 R
866 3643 915 3714 sic]
935 3644 958 3698 si
975 3643 1006 3698 F
1024 3649 1068 3706 (m.
1087 3647 1103 3696 1
1121 3659 1191 3697 corr.
1211 3643 1262 3710 sic)
1280 3643 1307 3696 A
1375 3645 1454 3698 9in·

301 3747 415 3786 sorerem
435 3732 466 3786 Ε
534 3733 662 3786 amittere
680 3733 715 3786 M
770 3734 801 3787 11
823 3733 941 3787 debeant
959 3734 986 3786 A
1058 3748 1167 3786 suorum
1187 3749 1239 3787 om.
1257 3732 1287 3788 R
1342 3733 1374 3786 14
1396 3749 1454 3786 ree·

300 3825 419 3891 toremq;
438 3825 468 3874 te
486 3819 514 3874 P
584 3820 694 3890 quidem
714 3825 742 3875 te
760 3822 847 3891 1191118
866 3821 979 3877 corr.T
1028 3822 1060 3876 15
1080 3826 1145 3876 ante
1163 3821 1455 3891 promissarum

301 3911 396 3966 irsoltl
414 3910 445 3964 Ε
534 3910 568 3964 16
586 3910 710 3981 pietatis]
730 3911 875 3979 potestatis
894 3911 925 3964 E
999 3925 1176 3978 agnoscamus
1195 3909 1233 3963 Ρί
1305 3909 1453 3978 subdatur]

301 4000 344 4053 oui
362 3999 489 4053 subditur
506 3998 537 4053 Ε
590 3999 623 4053 18
642 4015 694 4068 ego
713 4015 776 4066 non,
795 3999 882 4069 signia
900 4015 969 4054 corr.
988 3998 1048 4054 aid.
1067 4015 1121 4052 non
1141 4013 1192 4068 ego
1211 3999 1237 4052 Τ
1288 3999 1322 4053 20
1342 4007 1451 4057 actum

301 4095 342 4151 ut,
360 4105 398 4146 ar.
415 4092 435 4142 2
454 4092 543 4143 aetum
563 4091 605 4142 est
617 4088 630 4157 'i
642 4092 674 4141 ut
690 4087 721 4141 Ε
789 4087 908 4142 inimicis
927 4088 958 4142 Ε
1008 4088 1040 4141 21
1062 4086 1244 4154 seductiones,
1263 4105 1298 4142 or.
1317 4091 1337 4142 2
1354 4087 1454 4140 aeduc-

300 4177 384 4231 tionis
402 4177 434 4231 Ε
484 4178 520 4231 22
538 4177 653 4245 lactent,
671 4193 706 4231 m.
726 4175 868 4230 2iaotant
886 4180 912 4231 A
968 4177 1002 4232 23
1021 4179 1178 4247 prepetrats
1196 4175 1227 4230 Ε
1300 4175 1457 4230 ieteoeutur

301 4271 334 4319 ut
352 4269 381 4320 et
398 4267 428 4320 Ε
1305 4289 1310 4300 ·
