3092 4959
444 392 714 462 epistularum
742 391 846 448 CXLV.
876 393 992 451 CXLVI.
1202 399 1268 464 273

102 585 290 652 infimitati
302 587 466 653 hominum
481 587 617 654 miserae
632 592 728 673 atque
741 589 871 674 indigae
886 590 1047 668 suadetur,
1060 593 1096 656 nt
1110 609 1167 656 nee
1181 611 1268 657 orare

106 694 354 772 antemnam
375 693 584 760 intremuein
605 697 860 780 temptationem,
884 716 946 762 non
970 697 1044 780 quia
1066 697 1128 764 hoo
1152 699 1270 764 audent

106 803 220 884 aperte
243 800 359 880 dicere,
383 801 440 866 eod
463 819 572 866 eornm
596 803 787 868 aententIam
811 803 912 868 uelint
940 804 1043 870 nolint
1073 805 1133 870 hoo
1156 806 1268 888 utique

107 907 267 988 sequitur.
290 927 363 972 nam
387 907 526 991 utquid
549 907 641 973 nobie
672 908 806 974 dieitur:
834 909 1007 995 Vigilate
1032 913 1068 976 et
1091 914 1200 988 orate,
1224 930 1269 977 ne

68 1012 268 1079 eintretIa
290 1014 328 1078 in
350 1014 663 1098 temptationem?
690 1021 729 1081 ut
756 1015 835 1098 quid
863 1017 959 1082 otiam
988 1018 1163 1083 seeundum
1187 1017 1268 1083 hane

107 1121 373 1198 exhortationem,
398 1140 471 1186 oum
495 1121 622 1187 doceret
646 1141 744 1199 orare,
767 1123 939 1208 praecepit
963 1127 1001 1188 ut
1028 1123 1185 1190 dieamus:
1215 1123 1267 1189 Ne

106 1247 179 1293 noa
215 1227 358 1293 inferas
390 1228 428 1293 in
465 1228 767 1311 temptationem,
801 1229 828 1294 ai
861 1231 922 1295 hoo
954 1249 1015 1296 non
1047 1231 1200 1314 impletur
1233 1249 1268 1296 ex

106 1335 269 1399 adiutorio
294 1335 415 1419 gratiae
439 1333 576 1411 diuinae,
601 1335 657 1400 aod
680 1335 714 1400 id
736 1337 843 1401 totum
867 1336 971 1402 estin
997 1335 1126 1402 arbitrio
1156 1340 1267 1403 uolun-

105 1443 191 1507 tatis
218 1441 396 1508 hnmanae?
424 1442 501 1526 qnid
528 1444 643 1526 ptura?
671 1444 779 1510 ealnta
805 1443 930 1521 fratres,
958 1443 1013 1528 qui
1041 1447 1149 1510 tecum
1183 1449 1267 1521 sunt,

54 1572 88 1615 ιο
107 1552 144 1614 et
173 1553 260 1614 orate
287 1570 344 1633 pro
372 1549 477 1628 nobie,
500 1553 538 1614 nt
561 1549 644 1614 salui
667 1551 767 1616 aimus
798 1550 973 1616 seeundum
1001 1551 1090 1615 illam
1119 1550 1267 1631 salutem,

107 1655 151 1720 do
181 1675 244 1738 qua
270 1655 400 1721 dicitur:
429 1655 510 1720 Non
538 1659 597 1720 eat
624 1675 717 1740 opus
746 1657 849 1724 aenis
877 1657 1047 1723 medieas
1077 1657 1142 1722 sed
1169 1658 1265 1723 malo

105 1762 358 1840 habentibus,
391 1781 461 1828 non
490 1762 575 1827 ueni
608 1781 744 1828 noeane
777 1763 902 1829 iustos
936 1764 1000 1829 sed
1032 1767 1266 1849 peccatores.

107 1872 200 1934 orate
232 1887 307 1954 ergo
340 1887 396 1952 pro
429 1867 533 1946 nobis,
566 1873 604 1933 ut
634 1869 714 1934 iusti
746 1871 860 1949 aimus,
893 1871 978 1954 quod
1011 1870 1139 1952 quidem
1171 1871 1266 1935 homo

105 1995 174 2042 non
204 1978 323 2058 potest,
352 1975 416 2040 nini
446 1975 532 2040 norit
563 1978 597 2038 et
622 1975 713 2056 uelit,
742 1981 777 2042 et
807 1978 868 2041 erit
898 1977 1058 2056 oontinuo,
1088 1977 1143 2059 qui
1175 1977 1266 2061 plene

53 2109 86 2150 ιιι
105 2083 270 2169 uoluerit;
296 2083 354 2147 aed
380 2081 442 2148 hoe
468 2081 576 2164 ipsum
603 2083 634 2146 in
663 2102 700 2147 eo
729 2102 791 2148 non
820 2084 889 2160 erit,
913 2083 975 2148 nisi
1004 2083 1108 2169 gratia
1134 2083 1266 2166 spiritus

107 2193 244 2255 sanetur
266 2193 298 2253 et
324 2188 503 2268 adiuuetur,
527 2191 565 2253 nt
586 2188 700 2272 poenit.

623 2384 759 2452 CXLVI.

178 2501 326 2560 DOMINO
345 2503 602 2562 Dmacmssmo
621 2505 668 2561 ΕΤ
686 2505 1045 2562 DESIDERANTISSIMO
1065 2505 1199 2561 FRATRI

268 2592 428 2649 PELAGIO
447 2593 679 2651 AUGUSTINUS
697 2595 740 2650 IN
757 2594 904 2651 DOMINO
925 2593 1103 2650 SALUTEM.

49 2716 87 2756 ὀ
155 2699 284 2768 Gratiae
318 2719 377 2788 ago
410 2703 594 2786 plurimum,
629 2704 713 2788 quod
750 2725 801 2770 mo
837 2704 955 2771 litteris
990 2704 1057 2770 tuis
1096 2704 1266 2768 exhilarare

105 2809 263 2894 dignatus
289 2829 324 2875 es
349 2815 525 2877 etcertum
552 2812 655 2877 faeere
683 2812 722 2877 de
749 2814 855 2878 salute
883 2815 999 2878 uestra.
1028 2810 1185 2876 retribuet
1207 2810 1266 2874 tibi

202 2985 230 3045 13
249 2984 267 3035 4
285 2983 383 3039 Matth.
403 2985 448 3048 26,
466 2985 513 3048 41;
535 2985 616 3042 Marc.
637 2985 679 3050 14,
698 2987 745 3049 38,
764 2986 830 3041 Lao.
850 2984 895 3048 22,
913 2983 948 3038 46
1013 2983 1030 3038 6
1048 2983 1148 3038 Matth.
1168 2984 1195 3050 6,
1215 2985 1263 3049 13;

102 3074 175 3128 Luc.
196 3073 276 3141 11,4
332 3075 363 3129 11
383 3073 482 3129 Mattio.
502 3075 528 3138 9,
549 3075 668 3138 12-13;
687 3075 770 3129 Marc.
790 3076 816 3141 2,
837 3077 883 3140 17;
903 3073 967 3127 Luc.
988 3075 1012 3138 5,
1032 3073 1139 3128 31-32

145 3181 158 3234 1
181 3181 277 3250 atque]
294 3180 330 3236 tm
349 3198 429 3253 quam
449 3188 517 3248 (rae.
535 3181 657 3250 1-21.)
675 3183 704 3235 P
773 3181 886 3252 indigno
905 3181 934 3235 P
951 3179 1025 3252 india
1039 3180 1077 3234 M
1125 3181 1141 3236 8
1161 3185 1264 3252 aperta,

100 3285 180 3324 corr.
199 3271 295 3340 aperte
313 3269 350 3324 Μ
438 3271 577 3326 sententiae
593 3270 632 3324 M
684 3271 719 3326 10
737 3287 814 3325 orare
832 3271 870 3326 M
933 3271 965 3323 12
985 3287 1038 3324 non
1059 3271 1131 3324 eniin
1149 3269 1213 3324 ueni
1231 3271 1268 3325 M

100 3373 158 3412 aec.
176 3373 252 3412 eaor.
271 3357 325 3413 tite.
417 3359 451 3413 13
470 3375 535 3430 ergo
554 3374 607 3414 om.
624 3358 654 3412 P
721 3359 888 3412 iaetimImue
908 3359 982 3427 (suit
1001 3365 1024 3426 s)
1044 3357 1075 3413 F
1160 3358 1193 3412 14
1211 3358 1265 3412 nisi

100 3462 160 3500 om.
180 3443 210 3500 P
282 3447 358 3501 norit
376 3451 405 3501 et
422 3448 471 3515 (rit
489 3452 518 3502 et
535 3465 571 3502 m.
591 3451 611 3501 2
628 3449 661 3502 ia
677 3450 746 3514 rae.)
764 3447 795 3502 F
811 3447 883 3502 nolit
902 3451 930 3501 et
948 3449 975 3500 A
1048 3447 1129 3518 plane
1148 3447 1176 3500 P

216 3551 244 3607 1.
271 3577 306 3600 ==
326 3553 384 3608 cod.
393 3553 607 3609 Laurentiano
616 3553 657 3608 St.
670 3553 766 3608 Gnaeo
770 3555 845 3622 plut.
854 3555 886 3608 X
891 3553 971 3606 VIII
978 3553 1064 3608 dextr.
1074 3555 1121 3606 4⁸.
1129 3553 1216 3606 XIII
1224 3570 1264 3608 ex.

216 3641 257 3697 Ιι1
271 3665 305 3688 =
323 3643 383 3698 eod.
402 3643 616 3698 Lamentianm
634 3643 677 3700 St.
698 3643 795 3697 Oroete
808 3642 883 3712 plut.
902 3642 971 3696 XII
990 3645 1007 3696 6
1025 3659 1046 3699 a.
1067 3643 1132 3696 XV.

223 3727 251 3785 U
273 3755 308 3776 =
326 3732 385 3786 eod.
410 3731 533 3786 Urbiano
551 3735 593 3786 84
610 3734 682 3799 (118)
700 3749 722 3787 e.
741 3731 810 3788 XV.

216 3817 250 3872 F
272 3843 307 3867 =
326 3821 385 3876 eod.
405 3821 596 3884 amanus,
614 3837 690 3875 neoto
708 3821 924 3875 Laurentianus
942 3822 974 3874 X
989 3837 1010 3875 e.
1031 3819 1097 3874 XV.

217 3907 258 3962 ΓΙ
272 3933 307 3956 =
326 3911 385 3965 eod.
403 3910 594 3980 Faesulanus,
612 3927 690 3965 emto
706 3910 922 3964 Laurentinum
940 3910 1002 3964 XV
1017 3927 1038 3964 ι.
1059 3909 1125 3964 XV.

198 4015 282 4071 Haeo
304 4019 426 4086 ept'etuia
448 4033 483 4073 ex
504 4019 577 4088 Auo.
595 4019 667 4074 libro
691 4019 725 4073 de
744 4021 828 4088 pettit
856 4019 967 4088 Petape'i
994 4023 1026 4086 (e.
1056 4017 1184 4071 XXVII
1212 4021 1263 4084 52,-

102 4105 213 4162 OSEI.
230 4105 327 4160 XLII
342 4106 383 4164 ed.
407 4106 594 4175 Vrbe-Zyehu
608 4125 639 4175 p.
659 4111 724 4170 105,
744 4109 882 4172 17-106,
905 4111 933 4174 2)
952 4107 1005 4161 tae
1024 4106 1167 4160 tremoleto
1185 4112 1226 4160 eet
1245 4121 1263 4158 o

100 4195 264 4253 Μοιιήιιὼ.
283 4197 319 4264 ef.
338 4213 378 4264 ep.
399 4195 570 4254 CLXVIII.

142 4300 179 4355 18
199 4299 432 4356 desideratissimo
450 4300 586 4355 LL¹UF¹
603 4319 629 4356 m

130 4423 272 4466 mmm
285 4424 345 4476 ιιι.
358 4429 415 4468 me.
428 4427 453 4467 ιι
466 4436 520 4478 μη
534 4423 555 4466 a.
1192 4407 1227 4460 18
