3092 4959
527 331 793 401 epistularum
823 332 941 391 ccxlv.
1036 294 1041 302 Ι
1253 344 1316 407 531

163 525 233 589 hoc
257 526 354 589 enim
375 528 412 589 et
430 527 590 591 mortuis
616 527 924 609 euangelizstum
945 530 1013 607 est,
1038 533 1080 593 ut
1099 530 1320 597 iudicentur

164 633 314 715 quidem
348 633 553 697 secundum
589 634 760 699 homines
792 635 828 699 in
862 654 983 713 cerne,
1021 636 1156 701 uiuunt
1193 642 1319 704 autem

162 739 370 805 secundnm
394 740 502 805 deum
526 740 677 823 spiritu.

70 833 111 895 ll
207 846 308 927 Quem
336 866 398 911 nen
430 853 560 912 moueat
592 849 657 911 ista
688 848 912 931 profunditas?
944 850 1079 915 mortuis
1114 850 1193 916 dicit
1225 870 1318 915 suun·

131 954 345 1037 sgelizutnm.
379 972 460 1036 quos
492 954 634 1035 prosectu
668 957 696 1019 si
728 955 989 1033 intellexerimus,
1029 957 1083 1039 qui
1116 958 1155 1022 de
1189 977 1318 1041 corpore

161 1060 314 1136 exierunt,
330 1060 378 1123 illi
394 1061 505 1141 opinor
518 1064 620 1135 erunt,
637 1060 674 1125 de
690 1062 807 1143 quibus
824 1082 918 1145 snpra
934 1063 1026 1127 dixit:
1043 1061 1113 1141 Qui
1129 1064 1320 1130 increduli

160 1167 318 1231 fuerunt
340 1168 377 1230 in
402 1167 536 1232 diebus
560 1168 590 1232 N
596 1188 648 1245 ne,
673 1173 730 1233 aut
749 1173 833 1235 certe
854 1189 973 1249 omnes,
998 1190 1077 1253 quos
1098 1172 1182 1255 apud
1200 1172 1318 1237 inferos

162 1272 310 1339 Christus
329 1274 462 1341 inuenit.
482 1276 560 1357 quid
580 1276 641 1339 sibi
661 1296 735 1359 ergo
754 1279 829 1341 nult
848 1282 898 1341 ‘ut
921 1278 1142 1342 iudicentur
1167 1278 1317 1361 quidem

161 1380 366 1445 secundum
391 1381 562 1445 homines
585 1383 622 1447 in
647 1402 767 1452 carne,
797 1384 933 1447 uiuant
956 1388 1080 1447 antem
1111 1384 1318 1449 secundum

113 1506 143 1544 ιο
161 1486 269 1551 deum
305 1487 477 1568 spiritu'?
511 1507 573 1571 quc
602 1490 697 1554 modo
725 1490 909 1555 iudicantur
935 1490 967 1553 in
996 1509 1099 1567 carne,
1134 1510 1229 1572 quam
1256 1511 1318 1556 non

159 1594 288 1671 habent,
313 1596 340 1658 si
360 1595 444 1677 apud
463 1596 581 1661 inferos
605 1600 690 1672 sunt,
717 1597 769 1661 uei
794 1616 888 1677 quum
913 1596 1052 1661 nondum
1071 1602 1270 1680 receperunt,
1291 1599 1319 1661 si

160 1704 258 1767 etiam
287 1721 305 1764 a
337 1702 501 1766 doloribus
533 1702 648 1765 inferni
681 1701 779 1765 soluti
814 1704 912 1767 snut?
945 1720 1048 1785 neque
1082 1702 1176 1779 enirn,
1210 1704 1248 1781 si,
1282 1706 1320 1767 nt

160 1809 339 1891 quaerendo
364 1808 455 1885 dicis,
485 1808 633 1873 exinaniti
658 1812 734 1873 sunt
756 1808 860 1883 inferi,
891 1828 1000 1873 omnes
1026 1808 1133 1885 etium,
1164 1810 1218 1890 qni
1242 1812 1318 1873 tunc

158 1916 205 1981 ibi
224 1916 362 1989 inerunt,
387 1916 417 1979 iu
438 1934 531 1979 carue
551 1916 758 1979 resurrexisse
779 1916 927 1979 credendi
947 1920 1022 1979 sunt
1046 1920 1111 1992 aut,
1138 1917 1192 1998 qui
1215 1935 1317 1980 resur·-

111 2040 141 2079 ιδ
159 2026 272 2106 gentes
300 2027 513 2104 apparuerunt
540 2042 614 2087 cum
641 2023 779 2097 dominc,
809 2023 848 2087 ad
876 2024 937 2089 hoc
965 2042 1091 2087 carnem
1119 2027 1316 2105 receperunt,

158 2130 252 2194 utin
277 2148 313 2192 ea
336 2129 552 2194 iudicarentur
580 2129 756 2194 secundum
784 2130 958 2207 hominem,
988 2128 1074 2211 quod
1103 2148 1160 2193 nec
1189 2129 1227 2192 de
1250 2129 1316 2193 illis

159 2236 255 2300 uiden
284 2255 347 2317 qno
375 2236 469 2300 modo
498 2236 599 2318 accipi
627 2237 742 2319 possit,
777 2238 840 2319 qui
874 2236 1063 2301 increduli
1096 2237 1253 2301 fuerunt
1280 2236 1316 2299 in

160 2341 297 2407 diebus
320 2341 350 2406 N
357 2360 407 2421 oe,
431 2361 491 2406 uon
517 2343 601 2407 enim
625 2363 679 2409 eos
698 2344 730 2408 iu
750 2363 843 2408 carne
867 2343 986 2408 uixisse
1010 2343 1163 2426 scripturn
1190 2346 1239 2407 est
1263 2344 1319 2406 snt

160 2448 247 2513 credi
269 2451 378 2529 potest
399 2449 471 2513 ideo
495 2450 620 2515 solutos
643 2449 756 2514 inferni
786 2449 923 2525 doleres,
953 2452 999 2526 ut,
1029 2450 1083 2533 qui
1107 2450 1180 2515 inde
1203 2449 1315 2514 liberu-

110 2572 141 2613 ιο
158 2558 279 2632 rentur,
295 2574 419 2618 carnem
435 2555 475 2619 ad
492 2555 641 2620 luendam
656 2575 791 2637 poenum
805 2557 993 2639 reciperent.
1013 2556 1090 2637 quid
1106 2560 1155 2621 est
1169 2574 1244 2639 crgo
1265 2560 1317 2619 ‘ut

159 2661 381 2726 iudicentur
404 2661 610 2726 secundum
634 2663 805 2727 homines
829 2662 866 2727 in
891 2682 1011 2740 carne,
1031 2662 1167 2727 uiuant
1189 2664 1315 2726 autern

159 2768 364 2831 secuudum
390 2768 497 2832 deum
522 2769 694 2852 spiritu'?
720 2788 757 2831 au
777 2770 858 2833 forts
878 2770 1066 2852 praestitum
1088 2774 1137 2835 est
1156 2768 1214 2845 eis,
1234 2788 1314 2851 quos

159 2874 245 2955 apud
262 2874 379 2937 insenos
401 2874 548 2939 Christus
567 2875 700 2951 inuenit,
721 2878 758 2939 ut
776 2894 832 2957 per
851 2877 1054 2959 euangelium
1074 2874 1316 2940 uiuificarsutur

159 2982 287 3064 spiritu,
316 2982 463 3061 quamuis
491 2981 600 3044 futura
626 2982 858 3045 resurrectione
882 2981 913 3045 in
939 3001 1030 3046 carne
1054 2981 1215 3046 iudicandi
1239 2982 1314 3061 sint,

108 3108 141 3149 ιι
159 3092 199 3151 ut
215 3106 272 3169 per
295 3087 435 3171 aliquam
460 3089 561 3152 carnis
585 3107 722 3169 poenam
744 3092 907 3152 transeant
926 3088 956 3153 in
978 3108 1109 3173 regnum
1135 3088 1206 3152 dei?
1230 3088 1315 3170 quod

160 3194 188 3259 si
206 3193 253 3257 ita
277 3197 336 3270 est,
362 3213 418 3258 cur
440 3194 500 3258 hoc
523 3199 649 3258 tantum
669 3194 707 3258 de
724 3195 803 3272 illis,
829 3196 884 3277 qui
908 3194 1064 3277 quondam
1090 3214 1150 3260 non
1176 3195 1313 3259 credide-

251 3402 392 3457 6IPetr.
411 3402 436 3463 3,
455 3402 491 3456 20
547 3404 580 3455 13
600 3402 633 3456 ci.
651 3420 678 3472 p.
699 3402 759 3467 521,
780 3404 796 3457 8
826 3470 829 3476 Ι

196 3528 213 3579 2
233 3528 493 3589 niuat‚m.1corr.
513 3530 611 3582 uiuent
629 3528 662 3582 K
768 3530 785 3582 3
804 3528 912 3599 spiritu]
937 3530 965 3582 in
989 3528 1087 3598 spiritu
1107 3528 1141 3581 K
1159 3546 1209 3583 nec.
1234 3528 1313 3599 Vuly.

159 3620 177 3671 5
196 3616 220 3670 si
239 3633 290 3671 om.
309 3618 364 3671 PG
383 3621 427 3686 (m.
448 3620 469 3670 2
486 3618 565 3684 add.)
602 3620 618 3671 6
638 3619 746 3687 opis-or
758 3618 761 3689 1
775 3622 867 3671 serunt
880 3618 911 3671 F
927 3618 1018 3688 opinio
1033 3634 1121 3671 rernm
1136 3620 1163 3671 A
1178 3618 1313 3687 opiniones

159 3710 242 3758 erunt
258 3704 292 3759 K
345 3704 480 3773 7qu00
531 3706 700 3760 9nunntG
767 3706 799 3759 10
819 3706 927 3775 spiritu]
946 3706 974 3758 in
993 3706 1091 3775 spiritu
1110 3704 1144 3757 K
1158 3721 1208 3759 sec.
1234 3706 1312 3775 Vulp.

196 3794 395 3849 indicenturP
437 3794 470 3847 12
488 3796 512 3847 si
531 3796 573 3864 nt]
593 3794 738 3848 sicntPG
780 3796 813 3849 13
832 3794 979 3847 inferniK
1019 3796 1052 3848 14
1072 3794 1174 3863 qni·(d
1193 3796 1315 3863 eran.)P

160 3882 196 3937 15
215 3884 287 3952 curu]
306 3884 335 3937 in
352 3882 386 3935 K
455 3888 619 3953 acceperuut
638 3884 714 3937 utin
735 3884 829 3937 eudem
848 3882 882 3935 K
953 3882 985 3937 19
1007 3884 1113 3938 dolores
1132 3882 1232 3937 inferni
1250 3884 1311 3939 edd.

196 3972 386 4027 laborarentnr
403 3975 431 4026 Δ
476 3974 509 4026 21
530 3974 667 4027 hominem
685 3972 719 4025 K
760 3973 796 4026 22
816 3973 843 4025 in
864 3972 961 4041 spiritu
979 3972 1013 4025 K
1028 3989 1078 4029 ece.
1100 3972 1177 4043 Vulp.
1234 3989 1312 4043 prae·

159 4062 267 4117 stitnm.
289 4078 323 4115 m.
347 4066 363 4114 1
387 4077 457 4116 corr.
483 4061 555 4131 quod
577 4063 739 4131 praestitum
767 4062 864 4116 Ohoc
892 4062 1051 4131 praestitum
1077 4060 1222 4115 MFAPG
1250 4061 1311 4115 edd.

159 4152 197 4205 24
214 4149 318 4220 futuru]
337 4151 365 4203 in
385 4150 479 4204 future
498 4152 566 4204 lrm
621 4151 792 4211 resurrectio,
811 4168 845 4205 m.
862 4154 882 4203 2
899 4152 1096 4205 resurrectione
1112 4151 1137 4205 G
1174 4151 1209 4203 25
1223 4155 1309 4203 truns-

159 4244 208 4293 eat
226 4237 263 4292 Μ
280 4242 325 4303 (m.
344 4244 360 4293 1
378 4255 447 4294 corr.
469 4243 621 4305 transeant)
642 4238 668 4292 G
687 4243 732 4305 (m.
752 4244 772 4292 2
791 4243 943 4308 transeunt)
997 4241 1031 4293 26
1052 4240 1084 4293 de
1103 4256 1154 4294 nm.
1174 4238 1202 4291 P

1225 4344 1274 4396 34*
