3092 4959
293 378 356 440 208
644 377 670 430 S.
699 377 837 430 Aureli
866 379 1086 446 Augustini

292 571 438 634 cordibus
468 590 576 635 eorum
605 571 730 635 interim
760 591 816 654 per
842 571 937 635 fidem
970 576 1044 655 post
1075 573 1171 637 etiam
1204 593 1259 657 per
1291 576 1426 658 speciem.

290 678 402 741 uident
425 678 506 742 enim
538 697 640 742 nrrnc
670 697 739 761 per
776 679 987 760 speculum
1017 680 1054 743 in
1084 680 1313 764 aenigmate
1347 684 1426 744 tunc

290 790 422 848 autem
447 785 552 849 facie
577 785 803 851 adfaciem.
828 786 912 850 unde
935 787 1006 868 ipsa
1033 787 1149 851 caritas
1176 806 1259 851 nunc
1287 788 1318 850 in
1348 787 1425 852 bonis

289 892 436 973 operibus
456 891 635 956 dilectionis
656 895 904 975 extractumque
923 913 957 957 se
976 893 1016 956 ad
1034 894 1300 971 subueniendum,
1314 912 1428 976 quaqua

288 1017 417 1062 uersum
443 1002 559 1081 potest,
582 1000 726 1083 porrigit,
752 1004 784 1064 et
806 1000 885 1063 haec
902 1000 1039 1064 latitudo
1059 1006 1125 1074 est;
1149 1019 1234 1064 nunc
1251 1000 1425 1084 longanimi·
1447 1021 1456 1058 s

288 1108 354 1168 tate
378 1105 509 1169 aduersa
531 1107 647 1170 tolerat
666 1106 747 1170 etin
767 1125 815 1183 eo,
836 1106 922 1188 quod
939 1106 1095 1170 ueraciter
1113 1107 1226 1182 tenuit,
1247 1111 1425 1190 perseuerat,

288 1215 320 1274 et
344 1213 420 1275 haec
443 1211 610 1294 longitudo
636 1215 698 1294 est3
723 1212 783 1277 hoc
807 1219 913 1276 autem
932 1215 1037 1277 totum
1055 1214 1184 1295 propter
1202 1212 1426 1295 adipiscendam

287 1318 389 1382 uitam
412 1319 490 1382 facit
513 1323 682 1396 aeternam,
702 1337 782 1399 quae
805 1319 855 1382 illi
878 1319 1075 1401 promittitur
1096 1319 1129 1382 in
1153 1319 1286 1399 excelso,
1304 1324 1338 1383 et
1361 1322 1425 1382 haec

287 1424 423 1489 altitudo
448 1427 506 1488 est.
527 1425 635 1488 existit
657 1443 732 1488 uero
757 1444 794 1488 ex
818 1425 944 1490 occulto
967 1425 1031 1489 ista
1049 1425 1174 1503 caritas,
1194 1425 1250 1489 ubi
1272 1422 1426 1490 fundati

287 1531 422 1612 quodam
447 1532 540 1595 modo
565 1535 603 1595 et
626 1531 804 1595 radicati
829 1551 953 1608 sumus,
977 1531 1030 1596 ubi
1055 1549 1170 1596 causae
1188 1533 1366 1597 uoluntatis
1383 1531 1457 1594 dein

286 1656 347 1700 non
381 1638 590 1721 castigantur,
630 1638 721 1701 cuius
759 1638 862 1722 gratia
899 1657 1011 1702 sumus
1045 1638 1127 1702 salui
1159 1638 1237 1702 facti
1277 1657 1352 1702 uon
1391 1657 1425 1701 ex

287 1744 1423 1827 operibuaiustitiae‚quaenosfecimus‚sedaecundum

287 1852 374 1916 eius
399 1851 736 1916 misericordiam.
763 1852 998 1916 uoluntario
1023 1851 1172 1935 quippe
1196 1853 1342 1934 genuit
1364 1870 1424 1916 uos

285 1959 408 2021 uerbo
432 1958 639 2023 ueritatis.
665 1961 697 2021 et
719 1958 797 2022 haec
819 1959 970 2022 uoluntas
995 1958 1063 2022 eius
1082 1959 1114 2020 in
1134 1957 1242 2022 abdito
1262 1961 1322 2022 est.
1342 1957 1424 2022 cuius
1530 2028 1531 2035 ἵ

284 2066 398 2130 secreti
429 2064 675 2146 profunditatem
714 2064 852 2146 quodam
887 2064 982 2129 modo
1020 2083 1230 2146 expauescens
1268 2064 1458 2147 apostolatu

286 2171 1425 2253 clamat:0altitudodiuitiarumsapientiaeetscientiae

285 2278 365 2341 dei!
400 2298 514 2360 quam
547 2277 842 2343 inscrutabilia
875 2282 969 2342 sunt
1000 2278 1159 2342 iudicia
1191 2278 1279 2342 eius
1314 2282 1353 2342 et
1379 2278 1424 2340 in·

285 2385 565 2468 uestigabiles
584 2386 676 2449 niae
696 2386 799 2449 cius!
821 2387 912 2467 quis
933 2386 1035 2449 onim
1055 2384 1424 2468 cognouitsensum

285 2490 456 2555 domini?
486 2495 518 2555 et
544 2492 604 2556 hoe
632 2495 682 2555 eet
707 2492 912 2573 profundum.
945 2491 1080 2555 altitudo
1114 2490 1230 2573 quippe
1262 2508 1425 2556 commune

283 2615 395 2662 noman
425 2603 475 2662 eat
502 2598 625 2662 excelso
649 2603 682 2662 et
708 2597 874 2680 profundo,
899 2598 965 2672 aed,
990 2617 1061 2662 cum
1090 2598 1121 2662 in
1151 2598 1274 2662 excelso
1303 2599 1424 2663 dicitur.
1440 2619 1459 2657 s

283 2704 490 2769 sublimitatis
514 2705 685 2769 eminentia
708 2705 958 2779 commendatur,
982 2724 1054 2768 cum
1078 2707 1184 2769 autem
1207 2705 1240 2768 in
1263 2704 1424 2787 profundo.

281 2810 452 2874 difficultas
485 2812 741 2895 inuestigationis
775 2815 808 2876 et
839 2812 1040 2895 cognitionis.
1073 2810 1155 2875 unde
1189 2814 1221 2875 et
1252 2811 1332 2875 illud
1371 2812 1424 2874 deo

282 2916 412 2981 dicitur:
437 2916 557 2996 Quam
582 2917 852 3002 magnificata
876 2921 969 2982 sunt
995 2936 1115 3000 opera
1145 2920 1222 2982 tua.
1252 2917 1423 2982 domine!

368 3176 612 3241 21001.13,12
681 3179 785 3248 caph.
805 3181 830 3244 3,
851 3181 883 3232 18
958 3180 989 3233 11
1010 3179 1064 3233 Tit.
1084 3180 1146 3243 3,5
1221 3181 1255 3234 13
1273 3179 1327 3235 Iac.
1350 3181 1375 3241 1,
1395 3176 1424 3231 18
1530 3256 1531 3259 Ἴ

281 3267 314 3318 16
334 3266 409 3318 Rom.
431 3267 471 3326 ll,
491 3267 598 3320 33-34
652 3268 687 3321 23
706 3268 749 3320 Pa.
770 3269 813 3330 91,
832 3269 848 3321 6

314 3391 330 3440 2
350 3389 429 3457 nunc]
451 3392 516 3441 tunc
538 3389 561 3442 0
633 3407 704 3444 nunc
722 3407 770 3460 per
789 3391 928 3461 speculum
948 3396 976 3445 et
994 3393 1022 3445 in
1042 3393 1197 3461 aenigmate
1216 3391 1250 3445 N
1265 3409 1314 3460 per
1331 3407 1424 3462 specu·
1530 3434 1531 3463 Τ

278 3479 333 3530 lum
352 3494 423 3530 nunc
441 3478 468 3529 in
488 3479 641 3546 aenigmate
660 3480 685 3532 T
701 3497 770 3533 nunc
790 3481 819 3533 in
838 3481 993 3549 aenigmate
1012 3497 1060 3546 per
1078 3480 1217 3549 speculum
1231 3481 1292 3533 cdd.
1330 3477 1423 3548 iqua]
1530 3484 1531 3553 j

279 3566 400 3634 que,sed
419 3567 556 3619 eiuras.
575 3567 607 3620 N
641 3569 812 3621 sstoleretO
849 3571 923 3622 lest
938 3568 1080 3638 longitudo
1095 3569 1155 3625 edd.
1210 3568 1424 3639 adipiscendam

279 3657 381 3723 (fecitne
400 3654 448 3723 dt)
470 3655 496 3708 Τ
566 3657 706 3727 texistit]
728 3659 892 3715 existam.
913 3659 1059 3727 2exipsa
1080 3658 1107 3712 G
1179 3657 1286 3712 occulto
1305 3675 1339 3712 en
1357 3673 1425 3712 corr.
1530 3694 1531 3725 ἦ

278 3761 311 3796 m.
332 3749 359 3808 1,·
371 3745 434 3813 scit
453 3745 559 3798 occulta
578 3745 604 3796 L
710 3747 773 3809 ista,
792 3764 827 3802 m.
847 3751 866 3800 2
885 3751 928 3801 est
948 3746 974 3801 G
1075 3748 1109 3800 10
1127 3751 1156 3801 et
1173 3747 1289 3801 radicati
1309 3745 1425 3816 quodam
1530 3728 1531 3739 ἵ

277 3833 357 3886 modo
377 3833 435 3886 edd.
530 3835 559 3886 11
580 3835 783 3902 inuestigantur
801 3836 860 3889 edd.
879 3836 1004 3906 Remi
1020 3837 1098 3890 codd.
1117 3837 1250 3890 nonnulli
1334 3853 1424 3890 non—
1530 3836 1531 3901 ξ

276 3921 490 3974 misericordiam
510 3937 560 3974 om.
579 3921 612 3973 N
684 3924 715 3974 12
735 3924 858 3977 iustitiae
877 3940 928 3979 om.
952 3924 977 3977 Τ
1045 3923 1159 3978 fecimus
1178 3941 1227 3976 nos
1250 3925 1277 3978 T
1293 3925 1357 3979 edd.
1375 3939 1426 3978 sec.
1530 3910 1531 3957 ³

281 4009 359 4076 Vulg.
416 4009 449 4062 13
468 4011 635 4062 uoluntariae
655 4011 680 4062 L
736 4013 768 4064 16
789 4012 899 4082 clamat]
919 4011 1084 4066 clamausO
1156 4015 1311 4082 sapientiae
1331 4015 1377 4067 dei
1395 4031 1426 4066 ac

277 4099 406 4152 scientiae
434 4099 558 4166 Eugippi
585 4099 642 4155 cod,
673 4099 735 4153 Vnt.
845 4102 878 4154 17
907 4101 1193 4171 incomprehensibilia
1217 4103 1243 4156 T
1264 4119 1314 4156 aee
1344 4103 1425 4172 Vulg.
1530 4102 1531 4109 ’

278 4187 311 4238 19
331 4203 470 4240 commune
488 4203 584 4240 nomen
606 4188 657 4257 eet]
678 4190 891 4243 communionem
910 4190 995 4245 habet
1015 4193 1040 4244 Τ
1115 4191 1151 4245 20
1169 4191 1342 4260 profundum,
1359 4192 1425 4245 snio
1530 4176 1531 4245 ἶ

275 4281 414 4329 cerussata
433 4291 501 4331 corr.
521 4275 655 4345 profundo
675 4277 700 4330 L
1530 4256 1531 4269 ¹
