3092 4959
512 238 777 309 epistularum
808 236 926 292 CXXVI.
1252 244 1294 306 13

144 435 253 515 paucis
275 432 421 517 agellulis
442 434 580 516 paternis
600 434 791 517 contemptis
816 434 855 498 ad
879 434 926 499 dei
947 434 1080 498 liberam
1105 437 1294 500 seruitutem

145 560 194 605 me
218 540 320 605 fuisse
344 560 542 621 conuersum,
566 560 667 623 nequo
691 542 722 605 in
742 540 803 606 hoc
820 542 1005 606 inuiderunt
1023 542 1176 608 ecclesiae
1195 544 1295 627 Taga-

145 648 256 723 stensi,
281 668 361 731 quae
385 649 517 713 camelis
541 648 643 731 patria
666 668 737 712 mea
760 652 820 727 est,
846 648 911 723 sed,
933 667 1005 713 cum
1024 649 1080 713 illa
1103 649 1182 713 mihi
1206 652 1294 715 cleri·

145 758 252 819 catum
280 775 341 820 non
370 755 576 837 inposuisset,
605 754 728 837 quando
758 759 940 837 potuerunt,
966 756 1145 821 habendum
1173 757 1296 821 inuase-

114 866 228 939 urunt,
258 867 375 944 quanto
404 862 590 947 flagrantius
622 863 652 926 iu
688 866 795 926 nostro
823 862 954 926 Piniano
988 880 1092 926 amare
1124 866 1299 946 potuerunt

144 971 266 1032 tantam
294 969 404 1033 mundi
432 970 526 1033 istius
556 968 776 1051 cupiditatem,
805 972 909 1032 tantas
938 988 1025 1051 opes,
1054 972 1173 1034 tantam
1207 989 1296 1051 spem

144 1078 232 1140 tanta
252 1076 459 1141 consessione
476 1079 656 1160 superatam
672 1080 766 1157 atque
787 1076 955 1139 calcatam!
976 1095 1035 1159 ego
1051 1076 1166 1159 quippe
1186 1096 1296 1141 secun-

146 1186 222 1249 dum
255 1182 429 1248 multorum
463 1202 592 1248 sensum
626 1183 877 1265 comparantium
911 1187 1013 1246 semet
1043 1182 1131 1265 ipsos
1169 1183 1299 1248 sibimet

144 1291 224 1377 ipsis
249 1309 311 1353 non
335 1289 465 1354 diuitias
490 1290 651 1353 dimisisse
671 1290 726 1353 sed
747 1289 786 1353 ad
806 1288 935 1353 diuitias
955 1288 1067 1354 uideor
1084 1289 1221 1355 uenisse.
1244 1291 1298 1355 uir

106 1418 128 1457 ιο
147 1398 230 1463 enim
255 1396 414 1481 nigesima
437 1396 665 1479 particulares
689 1414 760 1460 mea
783 1400 912 1478 paterna
936 1396 1107 1460 existimari
1136 1400 1243 1479 potest
1266 1397 1295 1461 iu

147 1503 381 1587 comparatione
417 1502 616 1585 praediorum
654 1502 818 1581 ecclesiae,
852 1520 932 1585 quac
965 1522 1048 1567 nuno
1081 1506 1118 1567 ut
1151 1504 1299 1568 dominus

147 1611 312 1675 existimor
342 1610 515 1693 possidere.
543 1609 574 1673 in
605 1608 746 1691 qualibet
777 1613 883 1673 autem
916 1610 1051 1673 manime
1080 1610 1297 1675 Africanarum

149 1717 355 1782 ecclesiarum
380 1717 431 1780 hic
454 1720 562 1781 noster
585 1735 644 1781 non
674 1716 744 1781 dioo
773 1716 937 1799 presbyter
964 1716 1021 1781 sed
1049 1717 1218 1799 episcopus
1247 1718 1298 1795 sit,

149 1826 352 1907 comparatus
380 1822 524 1905 pristinis
554 1824 667 1905 opibus
701 1824 780 1898 suis,
809 1823 936 1887 etiamsi
969 1823 1073 1886 animo
1108 1823 1300 1888 dominantis

109 1932 262 2015 negarit,
285 1931 506 2013 pauperrimus
532 1931 600 1994 erit.
624 1930 726 1996 multo
751 1949 825 2013 ergo
854 1929 1008 2012 liquidius
1037 1934 1069 1993 et
1097 1929 1240 1993 securius
1269 1932 1299 1993 in

151 2039 210 2103 hoc
235 2041 360 2101 amatur
384 2036 562 2102 Christiana
586 2040 767 2121 paupertas,
790 2036 822 2099 in
852 2055 914 2118 quo
943 2036 1031 2099 nulla
1058 2056 1162 2099 rerum
1191 2036 1302 2119 ampli-

152 2164 241 2211 orum
266 2147 373 2227 potest
396 2144 500 2227 putari
520 2144 687 2226 cupiditas.
707 2145 767 2209 hoc
792 2143 936 2207 accendit
959 2143 1080 2207 animos
1099 2143 1220 2225 populi,
1240 2143 1300 2206 hoo

151 2251 181 2315 in
205 2252 295 2316 illam
318 2250 504 2316 uiolentiam
528 2250 836 2331 perseuerantissimi
859 2250 1005 2313 clamoris
1030 2250 1136 2313 erexit.
1160 2269 1220 2313 non
1245 2268 1301 2313 eos

152 2359 254 2441 turpis
278 2357 464 2439 cupiditatis
487 2357 618 2439 insuper
641 2374 839 2431 accusamus,
861 2356 918 2420 sed
941 2356 1044 2439 magis
1068 2356 1196 2431 bonum,
1216 2355 1300 2438 quod

115 2484 137 2523 ιο
148 2464 213 2547 ipsi
237 2482 299 2527 non
324 2463 449 2541 habeut,
474 2465 588 2527 saltem
611 2463 641 2527 in
667 2463 738 2527 aliis
764 2462 895 2547 diligere
920 2463 986 2526 sine
1015 2462 1145 2526 crimine
1172 2462 1303 2545 permit·

153 2574 268 2635 tamus.
291 2588 362 2633 nam
388 2570 449 2635 etsi
478 2569 606 2633 fuerunt
633 2569 681 2633 illi
709 2568 908 2633 multitudini
936 2568 1082 2650 permixti
1109 2570 1220 2651 inopes
1249 2568 1301 2632 uel

155 2676 301 2755 mendici,
326 2676 380 2758 qui
403 2676 500 2741 simul
524 2676 702 2740 clamabant
725 2678 758 2740 et
788 2676 825 2739 de
853 2678 961 2739 uestra
987 2674 1162 2739 uenerabili
1189 2674 1302 2740 ledun-

156 2784 260 2849 dantia
282 2782 474 2868 indigentiae
498 2802 574 2847 suae
598 2782 855 2866 supplementum
885 2782 1062 2864 sperabant,
1086 2800 1142 2844 nec
1170 2782 1242 2858 ista,
1266 2785 1304 2845 ut

157 2890 298 2969 arbitror,
323 2888 480 2972 cupiditas
504 2890 607 2971 turpis
633 2892 691 2953 est.

74 2989 91 3052 8
113 3018 139 3057 aa
200 2996 313 3061 Restat
327 3014 412 3078 erge,
428 3000 464 3059 ut
477 2996 540 3059 iste
554 2994 707 3077 pecuniae
721 2993 927 3076 turpissimus
943 2994 1104 3077 appetitus
1120 3012 1155 3057 ex
1175 2994 1303 3077 obliquo

156 3102 188 3166 in
211 3103 342 3169 clericos
368 3106 400 3165 et
423 3101 556 3166 maxime
579 3102 611 3165 iu
633 3101 819 3185 episcopum
843 3099 1005 3183 diligatur.
1025 3119 1082 3164 nos
1107 3100 1190 3164 enim
1208 3102 1303 3165 rebus

192 3346 384 3401 3clericatum
402 3346 469 3400 milri
490 3347 550 3403 edd.
607 3347 751 3417 5piuiauo
775 3347 896 3414 V(corr.
915 3348 1037 3417 piniano)
1062 3347 1089 3401 U
1158 3351 1305 3417 potueruut

157 3452 205 3505 poe
223 3440 282 3506 (pos
303 3438 373 3503 exp)
396 3434 548 3489 tuntamU
638 3436 752 3489 dhuius
776 3436 801 3488 Τ
817 3436 877 3489 edet
969 3438 1132 3503 tentantem,
1151 3452 1229 3489 craso
1249 3437 1305 3489 tam

158 3540 225 3579 corr.
242 3528 349 3577 tantam
373 3524 398 3576 V
451 3524 465 3577 7
485 3527 612 3593 superata
630 3528 657 3593 (a
675 3526 707 3578 ta
725 3542 797 3591 ras.;
814 3525 871 3592 fuit
890 3525 929 3591 ui)
947 3542 981 3578 ne
1001 3528 1044 3590 (ue
1063 3528 1135 3593 esp.)
1153 3525 1306 3579 conuersis·

158 3629 191 3666 ne
209 3614 391 3668 collocutione
407 3613 494 3683 alpais
512 3620 634 3668 correcta
657 3613 684 3667 U
748 3612 1014 3683 Scompantiuml’
1082 3616 1114 3667 10
1133 3614 1262 3668 uicesima
1284 3614 1310 3665 Τ

194 3703 316 3755 estimari
335 3706 360 3769 (e
379 3718 413 3756 m.
433 3706 453 3755 2
471 3704 502 3757 in
518 3720 591 3769 ruem
604 3703 665 3769 suit
684 3704 735 3769 exi)
761 3703 787 3757 V
832 3705 861 3757 11
884 3703 1054 3772 compatione
1073 3704 1101 3758 R
1139 3704 1172 3756 12
1190 3703 1306 3756 maxime

160 3796 248 3844 autem
267 3791 355 3859 sipm'e
373 3804 441 3845 corr.
461 3789 489 3844 R
581 3792 614 3844 14
634 3794 775 3860 computus
797 3791 852 3843 TV
936 3791 1032 3859 opibus
1050 3792 1163 3859 scirpula
1180 3806 1263 3845 erum
1284 3791 1310 3841 T

163 3879 193 3932 17
213 3878 339 3933 accendit
358 3878 399 3932 bis
417 3879 451 3932 Η
513 3880 546 3933 19
566 3878 733 3948 eupiditasit‚
753 3896 787 3933 m.
807 3884 822 3931 1
840 3895 909 3934 corr.
930 3879 1089 3949 cupiditatis
1107 3878 1136 3933 R
1194 3880 1227 3931 21
1248 3878 1305 3931 luc-

160 3968 215 4021 rint
237 3966 264 4019 U
280 3966 341 4022 edd.
405 3968 439 4023 23
458 3967 612 4038 indigentie
631 3972 654 4035 (t
674 3984 705 4022 en
725 3972 748 4036 e)
773 3968 800 4021 V
868 3985 933 4021 suae
952 3968 1051 4022 omT
1118 3966 1308 4036 menpiscus

161 4073 215 4111 ros.
241 4073 275 4111 ea
298 4054 496 4126 turpiditeeT
589 4057 623 4111 25
647 4058 700 4127 ista
723 4056 783 4111 RU
804 4058 884 4110 istius
907 4057 941 4110 Η
1055 4055 1166 4124 obliquo
1193 4056 1225 4109 ia
1251 4070 1309 4109 aas.

162 4162 194 4201 m.
214 4148 229 4197 1
248 4144 275 4199 R
