3092 4959
507 356 770 442 epistularum
800 370 930 427 CXLVII.
1231 371 1295 436 295

0 566 5 619 I
33 565 70 627 21
188 568 286 633 Aliud
311 571 362 634 eet
385 568 468 632 enim
491 567 611 644 uidere,
635 566 723 632 aliud
742 571 793 632 est
809 569 914 632 totum
933 569 1072 635 uideudo
1094 569 1297 655 comprehen-

143 674 229 752 dere,
262 675 387 757 quando
420 674 548 756 quidem
581 673 613 738 id
645 673 784 752 uidetur,
819 675 904 758 quod
935 695 1084 759 praesens
1121 682 1296 762 utcumque

142 781 291 859 sentitur,
332 784 439 847 totum
476 784 583 847 autern
625 781 904 864 comprehenditur
940 780 1087 862 uidendo,
1130 783 1216 867 quod
1251 785 1297 849 ita

141 887 283 964 uidetur,
306 890 345 953 ut
366 887 447 952 nihil
471 887 541 952 eius
564 887 664 952 lateat
681 887 856 965 uidentem,
880 893 937 954 aut
955 889 1047 954 cuius
1066 889 1145 956 fines
1164 891 1296 956 circum·

109 994 227 1077 sepici
254 999 400 1076 possunt,
429 995 571 1059 sicutte
594 993 674 1059 nihil
700 995 781 1058 latet
808 996 982 1079 praesentis
1010 996 1188 1063 uoluntatis
1211 1002 1296 1076 tuae,

143 1100 389 1184 circumspicere
412 1105 520 1165 autem
544 1102 636 1183 potes
660 1100 732 1164 finis
756 1102 843 1166 anuli
866 1101 926 1169 tui.
951 1103 1085 1187 exempli
1109 1104 1210 1188 gratia
1234 1103 1296 1170 duo

143 1209 250 1290 posui,
279 1225 414 1290 quornm
443 1208 577 1272 alterum
606 1207 646 1272 ad
673 1209 790 1272 mentis
815 1209 975 1287 obtutum,
999 1211 1135 1275 alterum
1163 1211 1203 1277 ad
1230 1229 1297 1276 cor·

143 1315 271 1396 porales
291 1315 401 1379 oculos
415 1312 570 1396 pertinen
590 1312 683 1378 uisus
699 1314 794 1392 enim,
814 1313 900 1379 sicut
917 1314 972 1378 ille
992 1315 1047 1391 ait,
1068 1316 1297 1401 eduliumque

142 1420 328 1486 referendus
353 1423 412 1498 est,
431 1420 465 1484 id
489 1422 539 1485 est
562 1422 595 1484 et
617 1419 656 1484 ad
680 1420 791 1485 oculos
816 1424 849 1484 et
871 1420 911 1484 ad
933 1425 1082 1488 mentem.

29 1533 71 1598 22
95 1552 122 1592 ro
189 1529 287 1592 Porro
302 1529 330 1592 si
344 1530 513 1611 propterea
530 1526 641 1591 deum
663 1545 768 1592 nemo
787 1527 889 1592 uidit
907 1547 1092 1611 umquam,
1108 1530 1192 1613 quia,
1213 1531 1299 1596 sicut

143 1633 192 1699 ait
209 1634 400 1717 disputator,
424 1633 517 1698 cuius
536 1633 635 1698 uerba
652 1633 901 1712 consideramus,
926 1635 1165 1716 ‘plenitudinem
1185 1637 1297 1702 diuini-

141 1741 222 1806 tatis
242 1740 312 1806 eius
330 1759 423 1805 nemo
442 1741 616 1823 conspexit,
630 1757 722 1804 nemo
736 1743 842 1805 mente
858 1746 914 1806 aut
928 1742 1029 1808 oculis
1045 1743 1299 1826 comp1·ehendit;

144 1848 268 1913 ‘uidit'
299 1846 381 1912 enim
410 1846 451 1910 ad
474 1851 646 1929 utrumque
673 1847 873 1912 referendum
902 1851 973 1925 est,
1000 1853 1102 1915 restat
1128 1849 1298 1933 inquirere,

145 1955 319 2038 quomodo
334 1954 439 2039 angeli
454 1954 549 2018 deum
563 1953 703 2031 uideant,
722 1957 852 2036 propter
864 1953 955 2035 illud,
976 1956 1061 2039 quod
1075 1976 1111 2022 ex
1131 1957 1297 2043 euangelio

99 2085 125 2127 ιι
146 2062 410 2128 commemoraui:
453 2060 591 2145 Angeli
632 2079 758 2125 eorum
798 2080 948 2145 ,semper
989 2063 1122 2130 uident
1162 2065 1298 2130 faciem

145 2171 267 2252 patris
291 2169 372 2234 mei.
409 2168 437 2232 si
460 2167 544 2231 enim
568 2167 701 2251 stipsis
724 2185 787 2232 non
811 2168 907 2233 sicuti
931 2173 991 2253 est,
1020 2170 1075 2234 sed
1098 2173 1216 2236 latente
1241 2191 1299 2237 sua

144 2279 260 2339 natura
294 2274 327 2338 in
364 2273 480 2356 specie,
518 2291 582 2355 qua
617 2274 767 2351 uoluerit,
809 2277 949 2359 apparet,
991 2278 1095 2362 magis
1131 2279 1299 2363 magisque

145 2381 372 2464 requirendum
395 2383 455 2454 est,
480 2396 543 2461 quo
566 2378 661 2443 modo
687 2399 761 2445 aum
784 2400 842 2446 uos
865 2380 1059 2462 uidebimus,
1084 2383 1180 2448 sicuti
1200 2388 1249 2450 est
1268 2388 1300 2450 et

146 2488 235 2552 sicut
260 2483 390 2569 Moyses
418 2485 622 2563 desiderauit,
652 2505 726 2551 cum
752 2490 886 2570 peteret,
915 2492 952 2552 ut
975 2488 1065 2568 deus,
1093 2491 1202 2573 quiin
1227 2509 1298 2556 eon-

98 2619 127 2661 ω
145 2597 260 2677 spectu
284 2591 354 2658 eius
378 2594 455 2670 erat,
481 2592 663 2657 ostenderet
684 2591 733 2657 illi
757 2596 860 2658 semet
881 2594 997 2678 ipsum.
1022 2595 1082 2660 hoc
1105 2595 1189 2661 enim
1207 2597 1299 2663 nobis

146 2717 312 2764 summum
333 2698 511 2782 praemium
531 2698 565 2763 in
588 2699 817 2764 resurrectione
840 2701 1047 2783 promittitur,
1072 2702 1157 2785 quod
1179 2705 1299 2769 erimus

146 2807 297 2889 aequales
326 2806 449 2890 angelis
483 2805 544 2886 dei,
577 2825 613 2871 ac
641 2824 697 2890 per
728 2806 800 2882 hoc,
834 2808 861 2872 si
890 2827 947 2872 uec
979 2809 1041 2893 ipsi
1074 2829 1146 2874 eum
1178 2810 1299 2890 uident,

146 2913 247 2978 sicuti
270 2916 329 2990 est,
355 2931 417 2994 quo
441 2911 536 2977 modo
560 2931 618 2978 uos
642 2913 688 2978 ita
710 2913 813 2978 uisuri
837 2933 961 2992 sumus,
986 2933 1057 2979 cum
1082 2914 1128 2982 eis
1149 2918 1299 3000 aequales

144 3023 177 3085 in
208 3019 438 3084 resurrectione
465 3019 543 3083 facti
570 3018 746 3085 fuerimus?
770 3019 828 3085 sed
856 3020 940 3099 uide,
965 3021 1042 3104 quid
1071 3027 1301 3107 consequenter

239 3316 309 3372 8-9
330 3315 363 3371 cf.
383 3334 408 3386 p.
428 3316 490 3383 290,
511 3316 616 3370 17-18
681 3317 787 3372 11-13
806 3339 839 3365 =
859 3334 885 3388 p.
904 3318 966 3382 290,
987 3319 1092 3374 16-18
1153 3322 1185 3375 15
1199 3321 1299 3377 Matth.

146 3410 190 3472 18,
213 3406 246 3461 10
302 3405 338 3459 20
357 3405 423 3459 Lno.
441 3405 484 3473 20,
504 3404 551 3469 36;
571 3403 670 3459 mann.
689 3407 732 3470 22,
751 3406 798 3472 30;
818 3404 900 3461 Mare.
922 3407 963 3471 12,
982 3408 1017 3462 25

181 3584 250 3640 2id
269 3601 320 3640 om.
341 3581 379 3638 Μ
465 3583 560 3637 4eius
579 3583 685 3652 capo
779 3585 865 3639 lateat
883 3589 968 3655 (poet.
988 3603 1004 3640 a
1021 3603 1056 3640 m.
1076 3590 1092 3640 1
1110 3587 1162 3644 del.
1181 3589 1251 3657 uid.)
1270 3589 1303 3644 H

143 3672 355 3745 speonnam.
376 3669 451 3740 2(?)
471 3687 541 3726 corr.
560 3671 721 3741 possuntO
811 3673 1016 3744 dciroumspici
1038 3673 1116 3729 TOL
1208 3681 1301 3748 potest

148 3759 290 3818 TOHFL
345 3761 412 3814 fines
431 3759 549 3814 MFAP
566 3760 626 3814 add,
685 3761 1040 3822 tuae‚m.1em.tuio
1081 3763 1188 3819 Briout
1207 3769 1236 3819 et
1253 3765 1300 3820 ille

150 3851 233 3906 TOL
269 3846 502 3904 areferendanr
553 3851 662 3917 etpost
675 3853 718 3902 eet
731 3865 783 3902 cm.
801 3847 883 3904 TOF
897 3851 942 3916 (m.
961 3853 977 3903 1
995 3849 1071 3918 aad.)
1090 3850 1117 3904 L
1154 3854 1184 3906 ll
1207 3852 1299 3922 dispu-

143 3939 234 4008 tator]
254 3939 313 4008 ipse
333 3937 487 4007 disputator
509 3935 535 3990 T
569 3937 603 3990 12
623 3936 757 3991 oculosO
793 3939 826 3991 15
846 3937 1067 3992 commemorauit
1080 3939 1114 3992 Η
1129 3939 1153 4009 (t
1171 3942 1252 4008 erce.)
1265 3941 1302 4006 M

146 4029 182 4084 16
202 4028 290 4099 patris
309 4026 358 4096 (tri
376 4027 408 4080 in
425 4029 494 4091 rae.)
513 4025 547 4080 H
646 4026 678 4080 17
698 4026 787 4095 magis
805 4042 857 4080 om.
881 4025 931 4079 ΤΟ
1043 4027 1184 4099 magisque
1203 4046 1254 4084 cm.
1274 4029 1300 4084 L

147 4120 182 4174 18
201 4115 317 4171 uidebiu
336 4115 456 4184 (reliquo
474 4114 550 4169 laceo
567 4114 638 4182 folio
653 4114 777 4183 perdita)
799 4113 822 4167 0
880 4113 916 4168 20
934 4117 992 4168 erat
1010 4131 1061 4170 om.
1086 4113 1135 4171 TO
1205 4118 1263 4171 illi.
1277 4121 1300 4186 (s

145 4208 232 4274 eras)
251 4205 323 4259 Pei
346 4203 423 4259 TOL
494 4220 532 4271 se,
550 4219 585 4257 m.
605 4205 621 4257 1
639 4219 707 4260 corr.
727 4207 815 4256 semet
834 4202 860 4256 L
927 4204 963 4257 24
982 4205 1155 4274 comestione,
1174 4221 1209 4260 m.
1228 4211 1244 4261 1
1263 4205 1300 4276 (ἓ)

146 4311 221 4353 corr.
240 4293 438 4348 resurrectione
456 4292 491 4345 H
559 4291 628 4347 facti
645 4308 696 4346 om.
719 4291 797 4347 TOL
