3092 4959
570 468 834 539 epistularum
862 467 979 523 CXXVI.
1324 474 1343 535 9

121 660 142 721 2
240 661 301 727 Sed
336 664 482 745 qrramuis
514 668 601 729 tauto
640 670 729 729 motu
765 667 876 749 populi
914 673 946 731 et
982 670 1070 731 tanta
1108 668 1343 749 perturbatione

192 769 349 833 ecclesiae
386 789 586 851 permonerer
622 791 680 837 nec
716 772 803 836 aliud
845 773 1069 855 constipationi
1110 774 1157 838 illi
1195 773 1343 838 dixissem

192 874 256 941 nisi
280 894 353 939 eum
376 896 426 940 me
449 878 587 942 inuitum
612 878 754 943 ordinare
778 898 838 943 uon
867 898 972 961 posse,
996 898 1053 943 uec
1083 881 1129 944 sic
1158 882 1263 944 tamen
1291 881 1343 944 ad-

193 981 312 1047 ductus
337 1001 419 1061 eum,
444 985 517 1067 quia
541 987 573 1047 et
591 984 650 1049 boc
675 988 881 1067 promiseram
900 1005 960 1050 uon
984 1005 1034 1049 me
1054 986 1154 1051 fuisse
1174 987 1343 1050 facturum.

159 1094 231 1155 sut
259 1089 379 1171 aliquid
408 1088 436 1154 ei
465 1090 502 1154 de
531 1091 733 1175 suscipiendo
762 1093 959 1175 presbyterio
990 1093 1169 1165 suaderem
1205 1092 1288 1175 quod
1316 1092 1343 1156 si

192 1196 384 1279 persuadere
415 1198 603 1281 potuissem,
632 1218 693 1261 nou
726 1200 789 1263 iam
824 1200 1020 1264 ordinaretur
1051 1200 1184 1264 inuitus.
1217 1198 1344 1264 seruaui

192 1302 362 1384 utriusque
398 1304 618 1387 promissionis
655 1303 749 1369 fidem
787 1326 849 1371 uon
881 1307 984 1371 solum
1018 1306 1116 1385 illius,
1149 1326 1244 1388 quam
1276 1306 1342 1395 iam

193 1410 313 1495 populo
345 1412 565 1493 patefeceram,
595 1432 704 1477 uerum
740 1414 834 1477 etiam
868 1414 965 1488 illius,
994 1415 1025 1479 iu
1060 1434 1121 1495 qua
1154 1433 1216 1478 uuo
1249 1416 1342 1490 teste,

194 1521 350 1600 quantum
371 1518 409 1583 ad
427 1519 570 1585 homiues
590 1520 721 1595 adtinet,
742 1521 914 1585 detinebar.
934 1521 1072 1598 seruari,
1091 1522 1229 1603 iuquam,
1248 1519 1342 1585 fidem

147 1654 174 1693 ιο
194 1624 426 1707 promissionis,
445 1646 504 1691 non
525 1626 691 1692 iurationis
710 1628 740 1691 in
763 1630 851 1692 tauto
875 1629 1025 1711 periculo.
1050 1628 1135 1709 quod
1157 1628 1234 1692 licet
1251 1626 1343 1691 falso.

194 1732 282 1796 sicut
304 1736 416 1814 postea
434 1734 657 1815 comperimus,
676 1734 888 1814 metuebatur,
908 1736 1054 1801 omuibus
1076 1739 1192 1810 tamen,
1212 1734 1239 1797 si
1260 1732 1345 1815 quod

195 1845 293 1913 esset,
322 1841 530 1905 communiter
556 1841 748 1925 impendebat
776 1846 807 1907 et
836 1845 902 1906 crat
933 1845 1039 1906 metus
1068 1842 1136 1923 ipse
1166 1840 1343 1905 communis

196 1964 234 2009 se
257 1948 383 2027 propter
406 1947 583 2022 ecclesiam,
608 1948 637 2011 iu
663 1968 725 2031 que
748 1967 884 2027 eramus,
907 1948 1042 2013 maxime
1064 1952 1209 2011 metuens
1237 1947 1344 2011 absce-

196 2052 272 2116 dere
299 2052 487 2136 cogitabem.
521 2055 575 2119 sed
603 2056 810 2120 metuendum
840 2057 909 2129 fuit,
938 2076 976 2120 ue
1003 2055 1107 2139 magis
1135 2074 1185 2118 mc
1213 2055 1344 2118 absente

150 2187 177 2225 rs
198 2159 262 2223 tale
294 2160 414 2242 aliquid
446 2160 564 2226 taceret
587 2165 619 2226 et
648 2162 826 2227 reuerentia
857 2163 960 2227 minor
991 2166 1024 2226 et
1055 2161 1145 2225 dolor
1177 2160 1344 2225 ardentior.

197 2265 321 2345 deiude,
346 2268 469 2332 sicum
494 2268 589 2332 fratre
610 2268 725 2353 Alypio
750 2269 944 2333 discederem
968 2289 1022 2353 per
1047 2268 1200 2352 populum
1229 2267 1344 2331 cousti-

198 2376 318 2452 patum,
344 2374 519 2439 currendum
541 2374 613 2453 fuit,
637 2395 674 2439 ne
700 2376 868 2459 quisquam
896 2376 927 2440 iu
956 2394 1030 2441 eum
1056 2394 1186 2439 manum
1218 2375 1344 2437 mittere

196 2479 337 2559 auderet,
366 2480 393 2545 si
421 2484 527 2547 autem
554 2482 623 2547 siue
650 2483 718 2562 illo,
747 2502 827 2565 quae
855 2483 940 2547 frons
974 2486 1060 2547 esset
1092 2480 1344 2556 existimationis,

198 2588 226 2651 si
251 2586 328 2670 quid
351 2588 379 2653 ei
402 2589 547 2655 fortassis
571 2590 728 2655 accideret
755 2594 788 2654 et
811 2591 936 2655 uiderer
964 2609 1037 2653 eum
1065 2591 1229 2671 propterea
1258 2586 1345 2649 dese·

149 2695 312 2772 seruisse,
337 2699 374 2759 ut
395 2696 512 2761 furenti
535 2698 652 2781 populo
676 2697 873 2762 traderetur?

124 2808 149 2869 3
244 2802 329 2867 Inter
366 2802 423 2867 bos
462 2808 570 2868 aestus
608 2824 696 2869 meos
729 2823 922 2889 grauemque
954 2820 1128 2867 maerorem
1160 2803 1192 2865 et
1226 2798 1345 2863 nullius

199 2908 325 2973 consilii
357 2910 595 2993 respirationem
628 2930 701 2975 ecce
733 2914 862 2993 repente
896 2912 989 2992 atque
1021 2908 1178 2989 inopinate
1216 2908 1345 2969 sanctus

198 3015 285 3080 filius
317 3020 426 3081 noster
452 3016 603 3081 Piuiauus
636 3018 738 3081 mittit
771 3017 811 3081 ad
843 3036 893 3080 me
926 3034 1054 3080 seruum
1087 3014 1147 3090 dei,
1182 3014 1236 3095 qui
1270 3011 1347 3075 mibi

199 3122 320 3187 diceret
343 3140 413 3187 euru
439 3142 473 3187 se
497 3125 580 3189 uelle
608 3124 726 3207 populo
755 3125 869 3201 iurare,
895 3122 989 3205 quod,
1014 3121 1042 3185 si
1071 3124 1156 3185 esset
1184 3119 1345 3185 ordinatus

149 3253 177 3294 ss
199 3228 331 3307 inuitus,
360 3247 396 3293 ex
423 3228 529 3293 Africa
561 3229 737 3294 discederet
764 3228 902 3306 omniuo,
931 3227 1034 3303 credo,
1064 3226 1247 3291 existimaus
1280 3244 1344 3292 eos.

199 3334 323 3418 quaudo
349 3335 477 3418 quidem
509 3334 648 3417 peierare
671 3353 731 3401 uon
756 3337 875 3416 posset,
904 3352 964 3396 nou
988 3336 1049 3395 iam
1073 3331 1208 3396 ulterius
1231 3330 1345 3395 infruc-

198 3446 293 3505 tuosa
314 3441 549 3523 perseuerantia
567 3441 757 3507 clamaturos
778 3440 817 3503 ad
837 3438 1056 3523 expellendum
1075 3439 1149 3503 binc
1172 3437 1345 3515 homiuem,

198 3566 293 3629 quem
325 3548 440 3612 saltem
473 3548 658 3613 deberemus
689 3547 805 3611 habere
836 3546 990 3611 uicinum.
1022 3546 1100 3610 mihi
1133 3548 1239 3608 autem
1273 3545 1346 3625 quia

197 3654 368 3719 uidebatur
385 3654 654 3720 uehementiorem
675 3673 785 3719 eorum
804 3653 943 3717 dolorem
963 3657 1038 3734 post
1055 3652 1134 3715 barm
1157 3650 1345 3715 iurationem

235 3933 387 3987 3iuuitum
405 3949 447 3986 me
470 3932 497 3986 U
566 3934 588 3986 si
612 3931 638 3984 U
690 3930 770 4000 5del
791 3931 856 3986 aU
908 3928 1115 3983 suadentemT
1168 3927 1344 3981 ossmaui-

199 4022 342 4077 detinebar
361 4022 410 4091 bia,
429 4024 546 4077 alteram
564 4038 598 4075 aa.
619 4026 633 4075 1
651 4038 710 4089 exp.
730 4021 763 4074 H
815 4022 830 4073 7
851 4021 937 4073 utrius
960 4019 985 4071 Τ
1037 4020 1053 4071 9
1072 4017 1215 4070 detinebar
1234 4021 1258 4083 (r
1276 4034 1310 4071 m.
1327 4020 1346 4069 2

198 4111 360 4178 inrue.)V
396 4110 621 4167 13metuemsH
658 4110 690 4165 14
705 4110 763 4179 sed]
785 4109 851 4165 siT
890 4110 923 4161 19
942 4108 1065 4161 fortassis
1085 4104 1154 4159 eiU
1188 4107 1220 4159 21
1241 4106 1343 4173 aestus]

198 4202 288 4256 exitus
312 4200 389 4257 codd.
414 4204 504 4255 aestus
527 4201 586 4255 edd.
696 4203 724 4254 et
746 4202 770 4265 (e
794 4216 829 4255 m.
853 4201 873 4252 2
895 4198 927 4251 ia
944 4213 1016 4262 ras.‚·
1034 4196 1129 4263 facitne
1147 4193 1202 4264 u?)
1225 4194 1299 4247 Vut
1322 4194 1348 4247 ζ’

196 4292 234 4345 22
253 4294 363 4345 sauctus
381 4306 442 4359 om,
460 4292 491 4344 in
509 4308 594 4359 marp.
612 4307 646 4344 m.
666 4294 685 4344 2
705 4288 771 4345 add.
794 4288 821 4343 U
900 4287 934 4340 23
953 4285 1079 4355 pinianus
1102 4282 1129 4337 U
1204 4284 1239 4337 24
1258 4284 1345 4337 iurare

196 4379 301 4451 populo
323 4377 349 4431 T
383 4380 417 4433 25
436 4379 546 4433 omnino
566 4378 761 4433 discederetur
798 4378 831 4431 27
851 4374 1054 4445 perseuerantia
1072 4376 1115 4439 (ut
1133 4390 1166 4427 ex
1183 4390 1213 4426 ra
1230 4390 1265 4425 m.
1280 4372 1345 4438 alc
