3092 4959
275 386 341 449 360
630 384 657 439 8.
685 384 824 439 Aureli
851 384 1073 454 Augustini

274 579 412 643 fortasse
434 578 631 655 tenebimus;
656 579 713 645 sed
736 580 854 644 mirum
878 580 906 645 si
925 581 1117 647 sententium
1137 580 1252 647 Graeci
1276 580 1419 646 sermonis

274 685 328 751 uel
355 685 597 751 consuetudinis
625 685 850 753 obtinebimus.
877 688 1091 769 precationem
1116 692 1149 753 et
1177 688 1418 771 deprecationem

276 791 372 855 multi
391 791 493 857 nostri
510 792 572 857 hoc
591 792 676 857 idem
695 796 812 875 putant
828 796 862 858 et
879 794 941 858 hoc
960 793 1119 859 cotidiano
1139 814 1202 859 usu
1220 794 1286 858 iam
1304 793 1419 859 omuino

274 898 466 983 praeualuit.
500 900 556 981 qui
588 903 696 965 autem
729 900 916 965 distinctius
939 901 1052 966 Latine
1078 901 1180 967 locuti
1209 904 1296 977 sunt,
1325 918 1420 983 preca·

276 1006 419 1071 tionibus
443 1006 616 1071 utebantur
639 1006 669 1071 in
695 1006 843 1089 optandis
868 1006 970 1084 bonis,
995 1007 1273 1091 deprecationibus
1300 1026 1374 1073 uero
1392 1007 1454 1070 ins

278 1112 459 1178 deuitandis
487 1112 591 1179 malis.
624 1114 746 1195 precari
776 1113 860 1178 enim
889 1113 1037 1179 dicabant
1063 1134 1134 1179 esse
1165 1113 1325 1199 precando
1350 1114 1423 1178 bona

278 1224 397 1303 optare,
426 1220 581 1303 inprecari
609 1220 703 1299 mela,
738 1220 823 1303 quod
855 1222 955 1305 uulgo
986 1221 1052 1285 iarn
1084 1221 1203 1286 dieitur
1234 1219 1423 1294 maledicere,
1531 1241 1532 1244 ¹

278 1328 441 1411 deprecari
469 1328 576 1393 autem
605 1327 690 1391 mela
718 1326 874 1411 precando
903 1326 1072 1410 depellere.
1101 1328 1158 1393 sed
1184 1328 1342 1393 usitatum
1367 1326 1421 1390 iam

278 1434 431 1516 loquendi
457 1434 590 1499 modum
618 1435 727 1517 potius
756 1453 928 1518 sequamur
956 1439 998 1513 et,
1027 1434 1097 1500 siue
1120 1436 1342 1519 ‘precationes'
1362 1434 1423 1498 siue

279 1540 539 1625 ‘deprecationes’
568 1541 794 1619 immunimus,
823 1560 903 1624 quas
932 1540 1047 1607 Graeci
1071 1540 1194 1626 δεήσεις
1220 1544 1347 1613 uocant,
1369 1558 1423 1604 non
1439 1560 1458 1600 n

279 1650 430 1731 putemus
447 1666 518 1713 esse
538 1647 779 1713 emendandum.
798 1648 957 1714 orationes
975 1668 1063 1727 uero,
1082 1668 1163 1731 quae
1179 1648 1321 1715 Graecus
1337 1646 1425 1712 babet

203 1794 205 1799 ·
279 1756 467 1841 προσευχάς,
501 1754 698 1838 distinguere
726 1773 745 1819 e
771 1754 921 1836 precibus
953 1756 1008 1820 uel
1039 1754 1276 1839 precationibus
1307 1752 1424 1818 omnino

282 1860 412 1925 difficile
437 1864 497 1929 est.
522 1861 608 1943 quod
630 1880 707 1926 uero
727 1861 857 1945 quidam
881 1860 1007 1927 codices
1030 1880 1092 1927 non
1114 1862 1235 1927 babent
1256 1860 1427 1925 ‘orationes’

282 1948 338 2033 sed
365 1967 600 2047 ‘adorationes’,
630 1968 794 2051 quianon
823 1967 944 2034 dictum
973 1968 1081 2034 estin
1110 1966 1233 2033 Graeco
1261 1960 1354 2053 εὖχάς
1375 1962 1425 2029 sed

281 2074 467 2160 προσευχάς,
487 2092 549 2138 non
568 2074 704 2139 arbitror
722 2074 859 2139 scienter
880 2075 1138 2159 interpretatum
1156 2072 1333 2161 προσευχάς
1349 2072 1426 2136 enim
1440 2090 1461 2131 o

283 2180 442 2245 orationes
472 2179 534 2245 dici
559 2200 577 2245 a
601 2180 731 2246 Graecis
759 2180 964 2247 notissimum
994 2184 1054 2245 est.
1082 2185 1116 2245 et
1137 2180 1252 2262 utique
1274 2178 1360 2243 aliud
1380 2180 1426 2241 est

284 2305 381 2364 orare,
410 2287 498 2351 aliud
526 2286 665 2352 adorare.
691 2287 828 2370 denique
850 2306 913 2353 non
934 2288 999 2353 isto
1021 2286 1120 2351 uerbo
1144 2286 1201 2351 sed
1230 2286 1292 2351 alio
1314 2286 1426 2369 legitur

282 2394 314 2457 in
341 2392 478 2459 Graeco:
502 2393 712 2459 Dominum
748 2392 861 2458 deum
895 2396 1008 2459 tunm
1041 2392 1233 2457 adorabis
1263 2394 1309 2457 et:
1336 2390 1425 2456 Ado·

283 2499 379 2565 rabo
403 2499 449 2564 ad
472 2500 670 2583 templum
694 2504 881 2566 sanctum
903 2502 1017 2566 tunm
1041 2504 1074 2565 et
1097 2500 1124 2566 si
1149 2518 1214 2582 qna
1236 2498 1362 2564 similia.

218 2590 260 2658 14
328 2606 390 2672 Pro
414 2606 723 2690 interpellationibus
747 2610 866 2685 auum,
891 2606 976 2691 quod
994 2606 1096 2673 nostri
1113 2607 1241 2685 babent,
1260 2603 1426 2671 secundum
1440 2628 1463 2669 n

285 2712 423 2791 codices,
457 2714 561 2791 eredo,
594 2718 719 2780 uestros
751 2715 987 2797 postulationes
1020 2714 1169 2798 posuisti.
1202 2714 1282 2779 hsec
1306 2712 1425 2776 interim

286 2819 359 2898 duo,
383 2820 417 2885 id
441 2824 491 2885 est
515 2819 599 2903 quod
623 2821 677 2885 elii
700 2820 948 2904 postulationes,
972 2820 1027 2885 elii
1050 2820 1321 2903 interpellationes
1338 2818 1426 2882 inter·

377 3048 409 3101 18
429 3046 529 3101 Mattb.
548 3047 574 3115 4,
595 3048 629 3103 10
701 3047 746 3103 Pe.
765 3050 791 3111 5,
810 3048 827 3102 8

322 3170 621 3225 ised-obtinebimus
637 3189 688 3226 om.
703 3172 737 3226 K
770 3174 999 3243 2preoationem]
1019 3171 1276 3243 predicationemA
1310 3166 1427 3225 enosu'n

287 3276 321 3317 m.
341 3264 361 3314 2
378 3260 521 3315 nostrdG
575 3262 644 3315 haec
661 3261 733 3315 idem
748 3262 874 3330 Eupipps‘
892 3261 951 3316 cod.
966 3262 1101 3316 Ambmt
1119 3260 1183 3317 Vct.
1240 3252 1429 3315 usuifflulr'

286 3352 479 3419 9sequuntur,
498 3352 731 3421 m.2sequamur
752 3350 779 3404 G
817 3351 850 3404 10
863 3351 1018 3405 inuenimus
1032 3350 1074 3412 Η,
1116 3366 1199 3419 quam
1216 3342 1427 3417 Mamer

288 3448 365 3517 quas)
387 3448 413 3503 G
485 3448 623 3505 ΛΗΗΕΙΕ
643 3448 676 3502 K
692 3449 781 3502 deesis
800 3455 860 3503 cett
878 3448 957 3505 codd
1032 3450 1063 3503 ll
1084 3448 1284 3503 emendendum
1303 3442 1427 3502 eucadd-

324 3554 390 3607 quas
409 3555 470 3603 om,
489 3554 510 3595 a.
530 3556 557 3592 u.
577 3539 734 3595 m.1odd
756 3537 784 3592 V
870 3538 976 3608 graecis
994 3538 1028 3592 Η
1044 3554 1164 3608 graecas.
1175 3555 1219 3642 .’.'⁸
1238 3542 1342 3591 loon·
1358 3548 1427 3604 gree·

289 3680 335 3719 eus
359 3662 386 3717 V
441 3662 552 3727 babent,
570 3680 605 3717 m
624 3668 726 3721 leorr
745 3664 876 3717 habetat
924 3664 956 3717 12
976 3662 1207 3721 FPOECHVKAC
1227 3662 1262 3717 Κ
1277 3658 1427 3733 proseuchas

288 3753 375 3808 ΗΡΘ
403 3753 536 3823 pseucbas
559 3752 597 3807 Μ
622 3770 758 3823 pseusoas,
783 3770 818 3807 m.
842 3758 858 3806 1
880 3768 950 3807 corr.
979 3751 1126 3823 pseuschua
1153 3751 1181 3806 V
1204 3769 1254 3823 pro
1278 3746 1427 3807 seucbuaA

325 3842 443 3912 omnino]
464 3859 537 3896 ornru
530 3841 632 3896 modo
651 3840 689 3895 M
729 3844 762 3895 14
776 3839 961 3911 adorationes]
981 3842 1126 3908 orationes,
1139 3858 1175 3895 sn.
1191 3832 1427 3895 eructationes*

280 3976 282 3983 .
325 3948 378 3985 non
398 3948 450 3989 om.
469 3932 505 3986 M
577 3933 705 3990 HVKAC
725 3930 774 3985 sed
793 3930 1026 3988 newcevrsc
1044 3930 1079 3984 K
1095 3930 1193 3985 eucbas
1211 3930 1261 3984 sed
1280 3924 1427 4001 proseuchas

291 4028 349 4077 coit.
369 4022 447 4076 codd.
522 4024 556 4077 15
577 4020 810 4078 FPwCHVKAC
829 4019 863 4073 Κ
877 4020 1044 4090 proseuchas
1061 4026 1121 4074 cett.
1141 4020 1221 4077 codd.
1295 4020 1426 4079 loson,

289 4128 323 4163 m.
344 4115 359 4163 1
378 4110 442 4165 odd.
462 4110 500 4164 Μ
562 4112 593 4165 17
614 4110 1044 4178 orare]orationee,m.1eorr.
1064 4126 1139 4163 orere
1163 4109 1190 4162 V
1261 4108 1344 4177 aliud]
1361 4100 1427 4160 aliut

291 4205 306 4253 e
325 4199 362 4252 Μ
414 4198 538 4269 adorare]
558 4216 644 4267 orere,
663 4216 698 4253 m.
717 4202 749 4251 et
766 4198 826 4252 uid.
845 4200 866 4253 2
883 4198 999 4253 adorare
1018 4198 1045 4254 G
1085 4199 1119 4253 21
1139 4198 1220 4254 eredo
1239 4216 1261 4254 s.
1279 4215 1306 4252 ss.
1323 4214 1355 4250 ss.
1371 4198 1385 4247 1
1404 4188 1430 4241 V

327 4287 446 4356 interim,
464 4306 498 4341 m.
519 4289 574 4343 21³
594 4291 693 4341 iterum
715 4286 741 4341 G
