3092 4959
518 427 786 496 epistularum
816 426 933 483 CLXIV.
1229 434 1294 497 535

136 622 301 704 apostolus
326 621 414 699 dicit,
444 620 571 685 omnino
595 620 635 685 ad
657 619 776 687 inferos
804 640 866 687 non
894 623 1061 707 pertineat,
1092 624 1147 689 sed
1176 624 1216 689 ad
1238 626 1296 690 ille

134 729 243 812 potius
272 732 424 811 tempore,
453 747 587 811 quornm
618 728 751 793 formam
775 727 814 791 ad
838 728 916 794 haec
944 733 1090 813 tempora
1117 732 1294 797 transtulit.

134 835 192 900 illa
215 835 333 919 quippe
352 854 403 901 res
423 838 515 921 gesta
537 835 640 899 forme
664 835 769 901 tuerat
787 837 979 915 futurorum,
1003 841 1040 901 ut
1059 838 1102 917 hi,
1127 838 1182 921 qni
1201 841 1294 904 modo

135 961 197 1006 non
224 941 358 1006 credunt
386 942 563 1025 euangelio,
592 942 669 1007 dum
691 943 723 1006 in
753 942 902 1008 omnibns
930 944 1082 1029 gentibus
1110 944 1296 1010 aedificatur

100 1049 282 1125 aecclesia,
305 1048 372 1113 illis
395 1048 623 1133 intellegantur
645 1066 716 1113 esse
741 1047 875 1130 similes,
900 1050 955 1133 qui
974 1052 1050 1115 tuno
1070 1070 1131 1115 non
1156 1051 1296 1116 credide-

136 1157 221 1235 runt,
246 1174 319 1219 cum
343 1154 552 1221 fabricaretur
575 1174 658 1234 arca,
682 1155 731 1219 illi
750 1158 870 1233 autem,
896 1156 949 1238 qui
971 1156 1172 1222 crediderunt
1191 1160 1223 1221 et
1240 1178 1297 1241 per·

137 1261 334 1345 baptismum
358 1261 442 1326 salui
464 1260 557 1339 fiunt,
587 1260 654 1325 illis
683 1264 918 1346 comparentur,
947 1263 1003 1346 qni
1028 1267 1106 1328 tunc
1129 1264 1161 1328 in
1185 1264 1295 1329 eadem

136 1387 209 1433 arca
228 1368 312 1433 salui
330 1368 407 1433 facti
427 1372 501 1431 sunt
519 1386 575 1451 per
594 1386 719 1450 aquam.
743 1367 826 1433 unde
851 1369 909 1433 ait:
935 1367 997 1434 Sic
1021 1373 1058 1433 et
1081 1389 1147 1435 uos
1174 1371 1295 1437 simili

138 1475 258 1540 torma
275 1475 468 1558 baptisma
488 1474 618 1539 saluos
637 1474 742 1539 facit.
767 1474 808 1538 ad
827 1474 907 1539 banc
926 1474 1025 1560 igitur
1042 1476 1162 1541 formae
1183 1474 1295 1541 simili-

92 1582 283 1648 latudinem
307 1584 412 1645 cetera
436 1580 532 1645 etiam
557 1579 595 1643 de
614 1579 787 1646 incredulis
812 1582 997 1663 coaptemus
1018 1585 1051 1645 et
1068 1601 1130 1647 nou
1155 1584 1295 1666 suspice-

138 1709 221 1767 mur,
250 1688 335 1769 quod
358 1687 443 1771 apud
466 1688 583 1751 interos
609 1686 649 1751 ad
672 1686 834 1752 faciendos
862 1686 972 1751 fideles
996 1692 1092 1771 atque
1114 1689 1294 1755 liberandos

138 1796 343 1879 euangelium
362 1794 580 1876 praedicatum
600 1794 715 1859 situel
735 1794 839 1857 adhuc
859 1794 954 1859 etiarn
974 1795 1184 1890 praedicetur,
1203 1798 1296 1880 quasi

139 1907 172 1967 et
194 1903 241 1967 ibi
263 1902 307 1966 sit
331 1900 467 1966 eeclesia
490 1901 676 1965 eonst'tute.

44 2007 89 2070 16
184 2008 236 2073 Ad
253 2009 345 2073 illurn
366 2026 440 2093 orgo
461 2026 601 2081 sensum,
626 2008 680 2088 qui
700 2011 732 2070 te
750 2009 871 2083 mouet,
890 2006 962 2070 ideo
982 2006 1131 2072 uidentur
1149 2008 1294 2089 adtracti,

93 2136 120 2177 is
140 2116 194 2199 qui
218 2116 279 2180 hoc
302 2115 433 2179 Petrum
463 2113 602 2177 sensisse
631 2112 844 2188 crediderunt,
873 2112 947 2195 quia
976 2112 1054 2177 dixit
1080 2114 1240 2181 conclusis
1263 2117 1294 2180 in

139 2242 263 2288 earcere
301 2220 468 2305 spiritibus
510 2219 738 2303 praedicatum,
781 2220 872 2303 quasi
914 2219 1037 2285 animae
1073 2240 1134 2285 non
1171 2222 1296 2305 possint

138 2330 286 2415 intellegi
314 2329 457 2414 spiritus,
486 2346 565 2409 quae
593 2329 670 2391 tunc
698 2328 788 2390 erant
810 2326 842 2390 in
867 2344 958 2390 carne
982 2328 1075 2409 etque
1098 2326 1295 2410 ignorantiae

138 2436 280 2501 tenebris
304 2436 396 2500 uelut
418 2452 542 2499 carcere
565 2430 805 2505 claudebantur,
834 2430 873 2497 de
897 2432 983 2514 quali
1007 2450 1130 2497 earcere
1154 2453 1188 2499 se
1213 2434 1295 2501 desi-

139 2540 230 2604 derat
264 2539 392 2605 liberari
424 2540 488 2616 ille,
523 2539 578 2621 qui
611 2538 702 2603 dicit:
736 2538 842 2603 Ilduc
878 2538 920 2603 de
953 2557 1102 2603 earcere
1135 2542 1293 2605 animam

89 2668 118 2709 ιι
138 2666 267 2724 meam,
287 2650 329 2711 ut
348 2646 583 2711 confiteatur
601 2645 742 2710 nomini
761 2646 838 2723 tuo,
859 2664 940 2727 quae
955 2644 1031 2709 alibi
1050 2645 1163 2712 umbra
1181 2648 1293 2713 mortis

138 2754 329 2838 appellatur,
358 2754 395 2816 de
425 2772 486 2834 qua
513 2771 574 2817 uon
603 2754 715 2834 utique
743 2751 829 2835 apud
856 2751 973 2817 interos
1003 2751 1059 2817 sed
1087 2751 1139 2817 bio
1166 2751 1293 2817 liberati

137 2866 225 2938 sunt,
258 2860 297 2925 de
330 2860 447 2941 quibus
479 2858 635 2942 seriptum
667 2863 734 2922 est:
771 2857 843 2938 Qui
882 2858 1064 2923 sedebant
1095 2858 1132 2922 in
1164 2858 1293 2922 umbra

137 2967 283 3045 mortis,
311 2967 437 3031 lumen
466 2968 589 3031 ortum
617 2968 676 3029 est
704 2965 768 3030 eie.
796 2964 862 3029 illis
892 2968 999 3029 autem
1027 2964 1058 3028 in
1088 2964 1200 3029 diebus
1223 2965 1292 3031 Noe

134 3075 256 3139 frustra
279 3073 497 3155 praedicatum
521 3076 580 3151 cst,
605 3072 763 3154 quianon
788 3071 997 3149 erediderunt,
1021 3090 1094 3135 cum
1113 3076 1294 3153 expectaret

84 3203 115 3245 as
137 3200 193 3246 eos
217 3181 268 3245 dei
292 3180 448 3265 patientia
465 3198 520 3262 per
538 3185 667 3261 tempus
687 3179 737 3243 tot
755 3197 920 3253 annorum,
945 3178 1061 3260 quibus
1087 3196 1159 3243 arca
1182 3178 1291 3243 eadem

227 3406 368 3460 81Petr.
388 3408 413 3471 3,
433 3408 466 3461 21
525 3407 558 3459 19
577 3407 621 3460 Pe.
644 3405 703 3469 141,
723 3408 739 3460 8
795 3406 830 3459 22
849 3404 896 3459 Es.
916 3407 941 3471 9,
961 3406 977 3458 2

176 3532 366 3601 lpertineaut
389 3538 475 3601 (poet.
495 3550 512 3585 u
530 3549 566 3586 m.
586 3534 606 3585 2
624 3536 696 3600 exp.)
715 3530 743 3584 P
851 3528 886 3591 ad
904 3529 1004 3585 ooaG
1095 3528 1244 3584 dicarant
1262 3528 1295 3581 K

174 3623 193 3674 ii
205 3623 305 3691 sirm
359 3622 424 3675 tin
443 3636 495 3674 om.
513 3620 548 3673 Κ
599 3620 812 3688 5intellegatnr
831 3619 861 3670 F
914 3636 973 3673 esse
992 3635 1043 3673 om.
1063 3618 1097 3671 K
1148 3618 1246 3672 similis
1264 3617 1295 3671 F

135 3710 333 3766 borednntO
422 3709 532 3772 ifiarrt,
551 3724 586 3763 os.
605 3712 621 3761 1
640 3724 708 3763 corr.
728 3708 800 3761 finnt
817 3708 855 3759 M
925 3712 1087 3777 conparetur
1104 3707 1136 3761 F
1151 3723 1291 3776 compare·

134 3805 232 3855 rentur
250 3798 283 3852 K
330 3799 429 3853 Seres
445 3815 498 3853 om.
516 3797 564 3850 Κ·
601 3797 699 3852 similis
717 3796 804 3850 forma
823 3796 953 3866 baptismi
972 3796 999 3849 P
1054 3796 1086 3850 10
1105 3794 1250 3849 incrudelis
1265 3796 1292 3848 A

138 3891 173 3945 12
197 3888 388 3959 praedicentur
410 3893 438 3957 (n
464 3887 573 3954 det>o
663 3888 696 3941 13
721 3890 749 3940 et
771 3903 832 3949 om,
856 3904 890 3941 m.
910 3891 925 3939 1
944 3886 1009 3940 add.
1029 3884 1060 3939 F
1149 3887 1182 3939 14
1205 3886 1292 3938 mouit

133 3979 257 4035 KMFP
327 3977 381 4041 ide,
400 3996 434 4034 m.
454 3982 469 4031 1
489 3976 526 4047 (2)
545 3993 615 4031 corr.
632 3977 696 4031 ideo
714 3977 743 4031 P
797 3978 830 4031 15
849 3976 1029 4046 petrtstfua't
1047 3978 1071 4039 s)
1090 3972 1120 4029 F
1190 3972 1294 4044 qnaK

136 4071 172 4124 16
186 4073 303 4138 possunt
315 4067 407 4122 MFG
425 4070 470 4136 (m.
482 4073 516 4121 ut
527 4066 587 4121 cad.
602 4072 617 4120 1
633 4082 703 4121 corr.
723 4067 840 4135 possint)
883 4066 915 4119 17
937 4065 983 4135 qui
996 4062 1087 4119 MFA
1102 4061 1163 4117 cdd.
1178 4068 1292 4131 praeter

134 4175 164 4211 m
240 4158 368 4226 ,atqua
388 4159 472 4225 utque
490 4157 518 4209 in
537 4155 565 4209 P
634 4156 666 4210 18
686 4155 774 4225 uelut]
794 4154 872 4208 uelut
890 4153 918 4206 in
937 4151 965 4205 P
1038 4150 1217 4209 eludebantur
1233 4150 1293 4205 KP

173 4262 203 4299 se
221 4263 273 4301 om.
290 4244 324 4299 Κ
375 4247 410 4301 20
430 4245 586 4301 confitetitur
603 4248 713 4313 (parua
730 4246 799 4310 rue.)
816 4242 844 4297 P
892 4242 927 4294 22
948 4242 994 4311 qni
1013 4239 1291 4311 sedebant-praedi-

135 4339 231 4391 catum
250 4337 293 4389 est
310 4350 362 4389 om.
380 4334 409 4388 Α
463 4334 498 4389 24
517 4334 572 4404 qui,
591 4351 626 4387 m.
645 4338 660 4386 1
679 4349 748 4389 corr.
768 4332 832 4403 quia
850 4330 881 4385 F
932 4330 966 4385 25
986 4330 1121 4401 sapientia
1139 4326 1173 4383 Κ
