3092 4959
479 379 744 446 epistularum
773 376 890 433 CXLIX.
920 377 972 433 CL.
1240 382 1301 444 381

150 576 269 656 ubique
306 574 391 648 fama
428 573 634 638 celeberrima
655 572 843 654 praedicat,
877 572 1120 637 uelocissimum
1158 573 1304 637 solatum

150 682 220 745 eius
243 681 382 745 fideliore
407 682 502 761 atque
526 680 661 744 certiore
684 680 864 745 litterarum
893 679 1003 743 nuntio
1032 680 1243 761 praeuenistis
1274 686 1305 743 et

149 790 237 870 prius
270 806 327 851 nos
360 788 483 852 fecistis
523 788 661 852 exultare
695 787 733 850 de
767 786 895 871 cognito
933 791 998 849 tam
1037 786 1303 851 excellentissimo

149 896 232 959 bono
247 913 342 976 quam
358 893 503 957 dubitare
524 893 563 957 de
582 893 702 958 audito.
728 893 800 974 quis
820 892 928 957 uerbis
948 892 1093 974 explicet,
1115 892 1186 975 quis
1207 892 1304 975 digno

115 1001 317 1085 spraeconio
355 1002 578 1082 prosequatur,
616 1002 769 1081 qnantum
808 998 1099 1081 incomparabiliter
1131 998 1304 1082 gloriosius

149 1114 245 1189 atque
269 1106 467 1171 fructuosius
492 1106 608 1171 habeat
632 1109 800 1171 sinestra
825 1106 979 1189 sanguine
1002 1106 1136 1171 feminas
1160 1106 1303 1189 uirgines

149 1215 298 1280 Christus
323 1232 418 1295 quarn
443 1212 529 1278 uiros
554 1214 700 1277 consules
725 1212 886 1277 mundus?
924 1232 998 1276 nam
1032 1212 1198 1277 uolumina
1226 1217 1304 1277 tem-

148 1341 262 1406 porum
291 1321 318 1385 si
348 1340 500 1403 magnum
535 1324 631 1402 atque
664 1322 862 1403 praeclarum
896 1323 946 1383 est
975 1320 1113 1385 nominis
1147 1320 1304 1404 dignitate

148 1430 284 1511 signare,
311 1429 429 1509 quanto
454 1430 504 1490 est
527 1425 630 1490 maius
652 1429 747 1508 atque
765 1425 963 1520 praeclarius
983 1425 1087 1489 cordis
1112 1429 1144 1489 et
1163 1428 1303 1509 corporis

102 1562 128 1600 ιο
147 1534 333 1619 integritate
357 1532 593 1597 transcendere!
627 1532 730 1617 magis
760 1533 870 1614 itaque
895 1531 1033 1615 gandeat
1055 1533 1165 1613 puella
1187 1534 1303 1597 nobilis

147 1660 273 1725 genere,
297 1637 432 1705 nobilior
457 1639 638 1717 sanctitate,
663 1639 747 1720 quod
773 1639 816 1704 sit
839 1659 896 1721 per
925 1638 1070 1703 diuinum
1104 1640 1301 1705 consortium

146 1748 351 1830 praecipuam
375 1746 406 1810 in
431 1747 528 1810 caelis
548 1748 759 1811 consecutura
782 1745 1025 1823 sublimitatem,
1045 1764 1139 1826 quam
1165 1747 1192 1809 si
1217 1752 1304 1811 esset

146 1854 401 1937 perhumanum
426 1852 598 1917 conubium
621 1854 741 1935 prolem
767 1856 982 1936 propagatura
1001 1852 1183 1917 sublimem.
1210 1873 1303 1937 gene-

146 1961 253 2024 rosius
270 1959 386 2042 quippe
403 1959 501 2043 elegit
515 1958 667 2022 Aniciana
682 1959 853 2042 posteritas
874 1962 939 2021 tam
958 1958 1128 2022 inlustrem
1147 1959 1302 2024 familiam

101 2091 126 2130 11
147 2068 241 2131 beare
274 2067 402 2147 nuptias
437 2065 606 2129 nesciendo
645 2085 739 2147 quam
773 2066 989 2147 multiplicare
1020 2066 1171 2147 pariendo
1206 2070 1238 2130 et
1270 2067 1302 2129 in

148 2192 242 2237 carne
266 2172 329 2236 iam
352 2172 471 2236 imitari
496 2172 597 2236 uitam
622 2172 807 2255 angelorum
832 2191 927 2253 quam
958 2191 994 2235 er
1018 2192 1110 2237 carne
1134 2192 1302 2237 numerum

148 2279 254 2343 adhuc
269 2298 384 2363 augere
399 2279 592 2342 mortalium.
616 2279 693 2342 baec
714 2282 763 2342 est
783 2278 910 2342 uberior
924 2278 1151 2361 fecundiorque
1165 2280 1303 2343 felicitas

147 2404 209 2449 non
234 2389 344 2449 uentre
368 2404 555 2469 grauescore
581 2385 635 2449 sed
660 2390 764 2449 mente
790 2387 1009 2469 grandescere,
1039 2406 1100 2450 non
1129 2386 1301 2450 lactescere

146 2495 276 2576 pectore
296 2492 352 2555 sed
372 2491 465 2556 corde
485 2492 684 2573 candescere,
699 2512 760 2556 non
777 2492 957 2556 uisceribus
972 2495 1088 2556 terram
1104 2493 1160 2556 sed
1177 2494 1300 2556 caelum

98 2598 343 2665 morationibus
363 2600 528 2681 parturire.
553 2599 750 2663 dominarum
771 2600 890 2665 bonore
906 2597 1115 2681 dignissimae
1135 2605 1167 2664 et
1185 2601 1300 2664 merito

143 2708 299 2769 inlustres
324 2710 356 2769 et
378 2704 671 2787 praestantissimae
695 2706 789 2780 filiae,
815 2706 1021 2787 perfruamini
1051 2707 1080 2769 in
1115 2706 1180 2783 illa,
1216 2707 1301 2788 quod

145 2813 251 2877 defuit
282 2813 387 2889 uobis,
421 2817 458 2875 ut
490 2816 674 2877 nasceretur
708 2832 743 2877 ex
778 2812 886 2888 uobis;
925 2815 1109 2896 perseueret
1136 2833 1238 2896 nsque
1268 2814 1299 2876 in

143 2920 239 2985 finem
265 2919 437 2983 adhaerens
467 2919 627 3003 coniugio,
656 2918 740 3001 quod
775 2920 959 2983 nonhabet
990 2919 1097 2983 tinem.
1134 2920 1301 2984 imitentur

144 3030 214 3091 eam
248 3026 368 3089 multae
401 3026 539 3089 famulae
573 3025 734 3089 dominam
767 3026 927 3109 ignobiles
960 3028 1110 3103 nobilem,
1144 3027 1300 3109 fragiliter

183 3216 360 3270 lcelerrinra
377 3216 404 3269 L
477 3215 597 3269 uelatum
616 3216 745 3271 11111ΑΡ1
824 3218 1029 3271 2certin'rem
1049 3219 1076 3270 P
1146 3219 1299 3273 litterarum

143 3322 196 3361 om.
206 3305 235 3359 R
277 3306 293 3359 3
305 3304 448 3359 excellenti
457 3304 613 3360 MPAP¹R
624 3306 698 3372 11111,Ι
709 3307 744 3374 cs.
755 3324 795 3375 ep.
809 3308 824 3358 (
826 3308 862 3359 ’Χ
866 3307 945 3360 VIII
949 3326 978 3375 p.
993 3312 1055 3368 671,
1068 3311 1087 3359 8
1123 3328 1139 3359 1
1155 3309 1298 3376 qnantum}

144 3410 226 3463 qnam
244 3394 297 3447 PL
343 3393 510 3448 lifemineas
529 3394 650 3464 uirgines
669 3396 694 3448 L
713 3397 817 3450 femina
835 3395 952 3465 uirginis
970 3396 1061 3449 MFA
1106 3401 1186 3451 test
1204 3396 1299 3451 om.R

143 3484 160 3537 9
181 3484 220 3551 et]
242 3499 273 3537 ac
291 3481 328 3535 P¹
429 3484 463 3537 10
481 3484 641 3551 integritate
660 3485 687 3537 L
781 3486 1042 3555 repraesumere.
1062 3489 1082 3540 2
1101 3487 1246 3555 praecipua
1263 3486 1301 3539 Μ

142 3570 291 3641 praecipua
309 3570 336 3624 L
408 3570 577 3625 sublimitate
597 3571 622 3623 L
707 3572 1134 3637 1311111111211111111
1205 3576 1297 3628 conni-

144 3658 261 3711 uiumL
318 3659 351 3710 14
370 3658 489 3726 cligitL
546 3661 577 3713 15
597 3676 678 3713 neare
692 3660 745 3713 PL
819 3662 971 3715 nuntiosP
1041 3679 1091 3714 nec
1111 3663 1301 3717 sciendoMF

145 3748 178 3800 16
197 3762 340 3799 nnmerum
360 3764 460 3815 augere
479 3747 568 3801 adhuc
587 3748 613 3801 L
632 3748 720 3802 adbuc
740 3766 879 3802 numerum
899 3766 998 3819 augere
1018 3750 1078 3803 cdd.
1146 3752 1177 3803 l‘l
1197 3768 1297 3820 augere

141 3836 310 3903 mortalium]
332 3852 491 3905 angeremur
509 3837 605 3891 talium
625 3840 652 3891 A
707 3840 796 3892 uerior
814 3838 841 3891 P
857 3839 972 3891 ulterior
989 3839 1016 3892 L
1054 3840 1087 3891 18
1106 3840 1295 3909 grandescere]

143 3940 303 3993 grauercere
322 3924 350 3976 P
388 3925 419 3979 19
438 3930 562 3995 pactores
581 3926 615 3977 M
634 3930 656 3993 (s
676 3932 748 3995 cap.)
768 3928 799 3981 F
815 3932 837 3993 (s
857 3929 939 3995 eran.)
994 3927 1154 3981 candescere
1175 3929 1254 3982 corde
1268 3929 1297 3983 R

142 4013 177 4065 20
197 4012 305 4067 domine
320 4012 372 4065 PL
446 4020 475 4067 et
492 4015 589 4067 merito
609 4015 735 4069 inlustres
756 4020 785 4069 et
801 4018 1054 4088 praestantissimae
1074 4034 1124 4070 om.
1139 4017 1296 4072 erblP¹R

142 4100 203 4155 edd.
295 4102 330 4154 22
349 4102 428 4156 nobis
446 4103 536 4156 MFA
618 4108 649 4155 ut
667 4110 825 4157 nasceretur
844 4122 873 4157 er
892 4105 970 4159 uobis
989 4122 1041 4161 cm,
1060 4106 1216 4160 MFAP¹R
1235 4107 1295 4162 edd.

177 4206 336 4259 perseueres
354 4190 382 4243 P
399 4196 555 4261 perseuerat
574 4193 662 4245 MFA
718 4195 752 4247 24
771 4193 891 4247 familias
906 4197 932 4247 Α
1006 4194 1153 4264 dominam]
1173 4196 1254 4248 domu
1269 4199 1295 4248 A

178 4278 303 4349 frugiter,
321 4296 357 4333 m.
376 4284 391 4333 1
409 4296 477 4335 corr.
498 4280 635 4350 fragiliter
652 4280 689 4335 Ρ1
