3092 4959
264 371 327 432 156
617 369 643 420 S.
672 368 810 421 Aureli
838 369 1056 438 Augustini

260 582 339 645 opus
363 562 500 627 uidetur.
526 567 557 628 et
580 568 685 627 tamen
709 568 787 644 puto
812 563 938 628 facilius
963 583 1016 628 eas
1041 563 1135 642 solui,
1160 565 1186 630 si
1210 565 1271 628 hoc
1295 565 1404 630 fecero.

258 668 394 732 inuicem
419 671 535 752 quippe
555 671 762 748 adlambunt,
783 671 810 734 si
833 670 932 734 altera
954 670 1103 752 pendebit
1127 689 1161 734 ex
1181 671 1289 748 altera,
1310 670 1404 734 donec

258 795 367 840 omues
387 777 516 840 ueniant
534 777 564 839 in
585 777 700 841 seriem
720 777 944 858 disputationis
965 796 1025 840 nou
1047 777 1234 860 singillatim
1254 776 1405 859 separatis

256 881 347 959 locis,
368 884 459 963 quasi
483 902 690 965 unaquaeque
714 884 746 947 iu
770 901 829 947 sua
851 883 976 965 priuata
998 883 1171 947 intentione
1194 883 1328 951 habitet.
1353 882 1404 946 sed

257 1007 356 1051 unum
381 989 500 1069 aliquid
522 991 683 1054 intuentes
708 994 740 1053 et
762 1009 861 1054 uuum
886 990 1124 1053 conlaborantes
1154 989 1264 1054 sociali
1287 990 1404 1054 ratione
1429 1015 1439 1054 ⁵

258 1097 291 1156 et
313 1095 479 1158 indiuidua
501 1097 645 1161 ueritate.
1188 1085 1194 1096 ¹

302 1200 442 1266 Voluisti
471 1221 544 1286 ergo
575 1209 607 1267 et
634 1203 752 1285 scripto
782 1202 1007 1266 commonuisti
1032 1201 1143 1284 erponi
1172 1205 1265 1283 atque
1295 1201 1404 1283 aperiri

258 1309 327 1384 tibi,
362 1310 436 1391 quid
471 1311 532 1373 sibi
564 1311 646 1374 uelit
678 1329 739 1373 uox
770 1310 827 1373 illa
859 1308 991 1373 domini:
1031 1309 1130 1372 Deus
1169 1327 1282 1384 meus,
1318 1308 1404 1372 deus

258 1434 373 1492 meus,
408 1421 448 1480 ut
480 1417 569 1498 quid
602 1437 656 1481 me
689 1416 955 1498 dereliquisti?
989 1419 1019 1479 et
1054 1414 1129 1497 quid
1163 1415 1214 1491 sit,
1249 1415 1334 1497 quod
1364 1414 1405 1478 ait

259 1523 437 1604 apostolus:
459 1523 557 1587 Utin
577 1523 735 1588 caritate
751 1523 913 1586 radicati
929 1527 962 1585 el
984 1521 1130 1585 fundati
1150 1521 1404 1602 praeualentis
1423 1547 1441 1581 n

259 1631 573 1711 comprehendere
589 1650 670 1694 cum
691 1631 863 1693 omnibus
884 1629 1037 1704 sanctie,
1058 1647 1151 1709 quae
1171 1629 1222 1692 sit
1240 1627 1403 1692 latitudo

259 1738 295 1798 et
326 1737 528 1820 longitudo
564 1742 600 1800 et
632 1737 798 1801 altitudo
833 1740 868 1800 et
900 1735 1136 1818 profundum,
1166 1739 1198 1798 et
1230 1754 1312 1817 quae
1345 1735 1406 1798 sint

259 1842 396 1923 quinque
438 1844 577 1927 uirgines
617 1845 735 1908 stultae
778 1863 901 1926 quaeue
944 1843 1102 1923 sapientes
1149 1845 1181 1905 et
1223 1861 1303 1923 quae
1346 1842 1405 1906 sint

258 1948 405 2013 tenebrae
430 1951 599 2015 exteriores
624 1954 657 2014 et
680 1970 742 2032 quo
766 1949 861 2014 modo
886 1948 1134 2032 intellegendum
1161 1950 1218 2012 sit:
1245 1949 1402 2013 Verbum

258 2053 318 2118 dei
342 2073 425 2118 caro
450 2057 592 2120 lactum
617 2062 683 2120 est.
713 2057 770 2119 liae
800 2061 875 2118 sunt
903 2059 987 2117 certe
1017 2053 1155 2135 quinque
1178 2058 1243 2116 tarn
1268 2052 1405 2118 breuiter
1422 2075 1439 2115 a

258 2178 276 2220 a
314 2180 363 2224 me
401 2166 663 2226 commemoratae
698 2181 793 2244 quam
826 2162 882 2224 abs
915 2165 946 2224 te
980 2161 1160 2242 propositae
1194 2160 1402 2242 quaestiones.

258 2268 397 2348 proinde,
431 2269 457 2332 si
486 2271 599 2351 placet,
632 2270 786 2334 addamus
820 2274 852 2334 et
885 2273 1005 2332 sextam
1034 2273 1066 2332 et
1094 2267 1174 2332 illud
1201 2267 1402 2348 potissimum

257 2375 464 2455 requiramus,
490 2395 570 2456 quae
595 2377 637 2439 sit
661 2377 764 2460 gratia
787 2377 973 2440 testamenti
997 2375 1080 2440 noui.
1106 2375 1186 2438 hanc
1204 2375 1277 2438 illae
1298 2394 1401 2439 omnes

258 2481 441 2545 intueantur·
469 2488 501 2546 et
528 2483 559 2546 in
588 2485 679 2559 hanc,
707 2485 744 2545 ut
772 2485 948 2565 opportune
977 2500 1119 2562 quaeque
1147 2481 1296 2563 potuerit,
1326 2497 1401 2562 opus

260 2606 354 2650 suum
379 2589 519 2651 conferat
542 2589 632 2652 nobis
661 2607 723 2652 nou
752 2607 789 2652 eo
819 2588 943 2652 scilicet
977 2587 1094 2654 ordine.
1124 2605 1186 2668 quo
1220 2607 1272 2650 eas
1307 2593 1339 2649 et
1368 2590 1436 2649 tua

257 2694 453 2776 proposuisti
479 2699 592 2777 elego
617 2696 746 2770 recolui,
776 2695 830 2758 sed
855 2713 1062 2776 unaquaeque
1087 2713 1157 2757 cum
1183 2693 1278 2757 luerit
1302 2711 1402 2757 neces-

259 2801 350 2876 saria,
375 2803 467 2865 uelut
491 2807 604 2865 uocata
632 2802 822 2883 respondeat
846 2806 877 2865 et
901 2800 1040 2865 officium
1066 2801 1115 2864 sui
1140 2801 1243 2882 operis
1267 2800 1401 2883 impleat.

258 2926 332 2990 ergo
356 2909 400 2970 ita
424 2911 571 2971 nascatur
593 2908 764 2972 exordium.

169 3017 233 3078 113
301 3015 360 3078 Est
388 3015 542 3095 quaedam
570 3016 638 3076 uita
670 3014 808 3078 hominis
841 3014 1019 3077 carnalibus
1054 3013 1200 3077 sensibus
1233 3013 1399 3095 implicata,

257 3121 382 3204 gaudiis
402 3122 578 3184 carnalibus
599 3121 714 3186 dedita.
735 3121 889 3184 carnalem
910 3121 1049 3204 fugitans
1070 3119 1272 3184 offensionem
1294 3120 1398 3199 nolup-
1414 3137 1434 3176 s

255 3232 417 3309 talemque
446 3234 642 3292 consectans.
667 3227 762 3290 hrains
792 3228 876 3290 uitae
905 3227 1040 3290 felicitas
1068 3225 1253 3306 temporalis
1282 3229 1341 3302 cst,
1363 3223 1398 3286 ab

345 3493 361 3544 3
385 3491 430 3546 Ps.
454 3492 497 3557 21,
520 3491 549 3552 2;
573 3490 672 3542 Matlh.
696 3491 739 3552 27,
763 3489 811 3550 46;
836 3489 917 3541 Marc.
944 3490 985 3554 15,
1009 3487 1045 3542 34
1173 3487 1205 3540 10
1228 3487 1296 3556 upa.
1320 3488 1344 3547 3,
1368 3485 1396 3538 13

258 3581 290 3632 12
309 3579 408 3632 Malta.
427 3581 470 3640 25,
490 3579 506 3630 2
563 3580 595 3632 13
614 3578 714 3631 Malta.
734 3578 760 3637 8,
781 3579 825 3636 12:
847 3579 889 3637 22,
912 3578 943 3629 13
1001 3575 1111 3628 1410h.
1134 3577 1156 3632 1.
1179 3577 1211 3629 14

292 3744 359 3792 aut
380 3741 405 3793 G
460 3741 610 3792 6caritate
634 3741 656 3788 (l
717 3735 966 3790 iadmonuistiG
1039 3737 1152 3806 aperire.
1172 3751 1241 3791 corr.
1261 3735 1358 3804 aperiri
1375 3731 1398 3785 L

257 3831 272 3873 ll
292 3829 432 3898 apostolus
452 3829 492 3881 ait
510 3827 571 3881 edd.
611 3829 640 3880 11
663 3826 885 3894 compraehende,
906 3843 938 3878 m.
959 3829 978 3878 2
997 3823 1285 3893 compraelrendereL
1339 3823 1397 3878 lati·

256 3922 321 3974 tudo
341 3917 485 3988 longitudo
506 3917 623 3969 altitudo
644 3917 703 3969 edd.
780 3915 812 3968 12
832 3921 896 3968 sunt
920 3915 944 3967 Τ
1013 3915 1044 3966 13
1065 3915 1184 3982 uirgines
1205 3913 1324 3982 quinquo
1342 3911 1397 3968 aad.

258 4005 791 4064 15111111.2111111111111111.
865 4003 1040 4056 laedunt?
1123 4001 1267 4056 1811141)
1339 4001 1398 4055 noui

255 4099 412 4152 testamenti
432 4097 492 4150 cdd.
566 4112 659 4148 omnes
678 4096 742 4147 illac
762 4093 822 4147 cdd.
898 4095 930 4148 19
951 4095 1100 4154 intuamur,
1119 4109 1154 4148 m.
1173 4099 1204 4144 ut
1222 4091 1281 4144 aid.
1300 4097 1316 4144 1
1334 4107 1398 4146 corr.

255 4190 413 4241 intueantur
435 4188 458 4237 ()
530 4186 651 4254 potuerit
669 4184 766 4238 0110
820 4185 854 4236 22
874 4183 962 4251 operis
982 4181 1076 4236 om.T
1126 4182 1159 4233 23
1180 4181 1255 4250 ergo]
1277 4179 1399 4235 etcisO

256 4279 290 4330 ’21
309 4277 445 4344 sensibus}
467 4276 506 4327 las
520 4274 594 4326 sibus
617 4272 640 4323 0
