3092 4959
258 345 324 410 326
613 345 640 399 S.
668 344 806 399 Aureli
838 347 1055 416 Augustini

260 539 390 604 uiuam?
414 543 574 623 postremo
597 541 700 606 uidit
728 541 819 607 deus
848 543 978 622 omnia,
1006 561 1099 625 quae
1127 543 1231 620 fecit,
1263 547 1300 608 et
1322 563 1399 608 ecco

260 645 354 711 bona
372 647 494 712 ualde.
515 647 600 730 quod
620 666 693 713 cum
712 669 768 732 per
787 669 929 731 quasque
944 654 1103 715 creaturas
1119 651 1238 716 totiens
1253 651 1400 734 scriptura

258 753 437 835 repetisset,
465 755 572 832 miror,
605 755 688 821 unde
716 759 790 821 nata
816 757 914 822 fuerit
939 757 997 822 illa
1023 757 1139 840 opinio,
1173 775 1235 839 qua
1262 762 1400 842 putatum

260 860 310 922 est
341 861 467 924 tantum
495 858 534 923 ad
567 879 699 944 corpora
729 861 888 943 pertinere
919 862 1087 927 uisionem.
1121 881 1201 945 quae
1233 863 1338 947 opinio
1368 863 1401 928 de

259 982 460 1047 quocumque
483 965 634 1050 loquendi
657 988 744 1033 more
768 972 837 1033 orta
859 969 912 1047 sit,
944 968 1119 1051 scripturae
1146 973 1254 1034 tamem
1283 973 1402 1034 sauctae
1426 992 1436 1030 a
1537 971 1538 1022 3

258 1090 320 1136 nou
352 1073 400 1136 sie
427 1072 517 1156 loqui
544 1073 659 1152 solent,
692 1093 772 1155 quae
800 1073 863 1140 nisi
891 1093 953 1140 uon
985 1077 1110 1140 tanturn
1144 1075 1269 1157 corpori
1300 1094 1403 1141 uenum

259 1177 355 1242 etiam
366 1179 493 1262 spiritui
502 1181 670 1263 magisque
680 1180 807 1264 spiritui
819 1200 913 1264 quam
923 1181 1046 1264 corpori
1057 1180 1214 1246 uisionem
1226 1181 1403 1258 tribuerent

258 1304 319 1349 non
334 1285 505 1368 prophetas
519 1286 644 1370 proprie
663 1287 834 1354 ‘uidentes‘
851 1287 1112 1372 appellauissent,
1132 1289 1188 1369 qui
1206 1307 1268 1354 non
1283 1307 1403 1371 corpore

259 1391 316 1456 aed
339 1391 453 1475 spiritu
477 1394 573 1458 etiam
596 1394 704 1459 lutura
727 1393 885 1459 uiderunt.

80 1505 174 1572 XXII
197 1506 235 1570 51
304 1497 368 1564 Sed
391 1499 596 1584 cogitandum
620 1504 680 1578 est,
704 1520 743 1564 ne
767 1501 845 1584 quid
867 1501 1041 1566 insolenter
1064 1501 1251 1570 audeamus.
1276 1501 1304 1564 εἰ
1327 1499 1401 1564 dire
1416 1525 1435 1561 n

259 1605 359 1670 rimus
393 1624 507 1690 eorpus
544 1626 606 1671 non
643 1607 748 1672 solum
786 1607 1015 1672 mortalitatem
1048 1611 1081 1672 et
1113 1607 1401 1690 corruptibilitatem

261 1731 372 1777 uerum
397 1713 493 1777 etiam
516 1714 577 1778 hoe
598 1713 718 1796 ipsum,
742 1713 827 1796 quod
851 1731 966 1797 eorpus
990 1718 1050 1792 est,
1073 1731 1131 1795 per
1154 1713 1288 1797 gloriam
1311 1731 1402 1776 resur-

259 1819 410 1883 rectionis
448 1820 594 1884 amittere
627 1823 660 1884 et
692 1820 842 1903 spiritum
878 1819 958 1886 fieri.
996 1838 1032 1884 eo
1071 1819 1166 1884 modo
1204 1819 1321 1902 quippe
1354 1819 1403 1880 aut

260 1925 537 2008 conduplicabitur
559 1926 741 1991 substantia
764 1927 907 2008 spiritus,
939 1926 1024 1991 siet
1047 1945 1163 2010 eorpus
1187 1925 1319 2008 spiritus
1341 1923 1402 1988 erit.

260 2036 326 2108 aut,
355 2033 383 2098 si
407 2052 490 2099 unus
514 2034 574 2098 erit
602 2034 734 2117 spiritus
756 2034 909 2112 hominia,
937 2033 984 2097 ita
1006 2037 1044 2099 ut
1067 2035 1263 2099 commutato
1287 2037 1319 2096 et
1340 2048 1402 2094 cou-
1416 2051 1435 2092 u

259 2157 354 2204 uerso
373 2140 404 2204 in
424 2139 572 2222 spiritum
592 2158 721 2224 corpore
744 2159 847 2223 neque
867 2140 1080 2224 geminatione
1099 2157 1201 2222 neque
1219 2137 1400 2203 incremento

261 2245 504 2328 conduplicetur
525 2267 583 2312 nec
607 2247 733 2312 omnino
757 2247 857 2314 ullius
881 2265 1012 2313 accessu
1037 2245 1225 2329 quantitatis
1248 2246 1398 2328 augeatur,

260 2352 467 2417 metuendum
496 2357 556 2430 est,
589 2373 627 2418 ne
655 2354 736 2418 nihil
764 2353 852 2418 aliud
882 2353 945 2418 dici
976 2353 1125 2419 uideatur
1155 2371 1250 2434 quam
1283 2363 1399 2432 corpora

261 2478 322 2523 non
340 2459 397 2524 illa
415 2461 591 2526 mutatione
610 2461 792 2526 inmortalia
813 2479 975 2538 mansura,
999 2459 1056 2525 sed
1074 2459 1163 2524 nulla
1181 2458 1288 2542 potius
1306 2458 1399 2522 lutura

262 2568 295 2630 et
317 2567 444 2632 omnino
467 2567 615 2650 peritura.
639 2571 832 2651 quapropter
854 2566 955 2632 donec
978 2566 1125 2651 diligenti
1147 2565 1358 2648 inquisitione,
1375 2557 1398 2624 ai
1411 2585 1431 2622 n

262 2671 409 2738 dominus
436 2673 606 2750 adiuuerit,
638 2674 824 2756 reperiatur,
858 2673 935 2756 quid
961 2673 1138 2738 secundum
1169 2672 1338 2755 scripturas
1366 2665 1397 2730 de

354 2932 456 2988 roan.
478 2935 502 2993 1.
521 2933 554 2988 ar
611 2932 747 3002 81Reg.
766 2933 829 3002 aa

301 3096 314 3146 1
335 3093 412 3146 uidet
433 3091 457 3146 0
546 3091 563 3145 2
583 3096 835 3162 quae,m.1corr.
855 3107 976 3162 quasque
995 3090 1027 3145 F
1095 3091 1230 3160 scriptura
1249 3089 1330 3146 toties
1347 3083 1398 3141 edd.

262 3183 280 3235 3
299 3182 449 3251 reppetisse
468 3183 574 3235 minora
593 3181 694 3236 denata
713 3182 797 3236 fuerit
813 3182 848 3234 H
944 3187 1069 3250 putatum
1089 3181 1143 3249 est]
1163 3183 1264 3248 putant
1280 3179 1322 3248 (nt
1337 3175 1400 3230 aut

263 3286 297 3325 ee
310 3287 336 3323 rn
350 3277 382 3325 ut
395 3270 469 3337 uid.‚·
482 3287 677 3340 supraponere
694 3276 764 3334 rus.)
784 3271 812 3324 P
845 3273 863 3324 4
879 3275 921 3325 est
936 3275 1041 3324 tantum
1057 3269 1099 3324 bie
1112 3267 1175 3323 HF
1187 3269 1314 3334 (numm
1331 3269 1399 3326 emo

264 3359 281 3412 5
300 3375 413 3429 eumque
427 3358 490 3412 HF
505 3362 549 3428 (m.
564 3366 580 3414 1
593 3375 662 3415 corr.
677 3365 858 3430 quocumque)
913 3360 1033 3427 sanctae]
1050 3361 1161 3412 sanotae
1175 3358 1242 3413 licet
1255 3358 1329 3426 (lieet
1341 3371 1371 3408 na
1385 3355 1401 3404 2

264 3447 329 3516 aa.)
346 3447 374 3502 P
419 3450 436 3503 6
455 3449 494 3502 aie
514 3449 552 3516 (ic
569 3465 603 3504 ea
619 3465 676 3504 rua.
696 3455 722 3503 et
739 3452 820 3518 corr.)
836 3447 863 3502 P
910 3449 925 3500 7
947 3447 1029 3503 etiam
1049 3445 1171 3517 spiritui]
1191 3447 1275 3500 etium
1294 3451 1337 3515 sps
1358 3439 1400 3496 TO

301 3536 434 3591 uisionem
452 3537 527 3604 (del.)
541 3539 674 3592 uisiouem
692 3537 826 3592 tribueret
845 3541 921 3602 (m.1
941 3553 1010 3592 corr.
1029 3535 1194 3602 tribuerent)
1214 3533 1248 3588 Η
1263 3535 1401 3590 tribuerent

265 3625 398 3680 uisionem
412 3625 471 3681 edd.
522 3629 623 3697 8non]
643 3632 671 3680 et
689 3629 735 3693 (m.
754 3630 775 3681 2
793 3625 857 3691 dei.)
877 3643 931 3680 nou
951 3625 978 3678 P
1029 3623 1226 3695 propbetan
1277 3623 1309 3679 10
1327 3621 1401 3690 eet1b

265 3713 527 3781 (m.2‹1el.)estP
580 3714 720 3769 audiamus
738 3713 850 3768 TOHP
885 3715 915 3768 11
933 3712 1098 3767 mortalitem
1113 3712 1150 3766 Μ
1203 3711 1366 3767 mortalitate
1378 3712 1402 3761 et

265 3803 496 3872 corruptibilitate
518 3803 569 3858 TO
606 3805 640 3857 12
659 3805 741 3858 etiam
761 3821 813 3858 om.
828 3804 865 3857 M
900 3803 933 3856 13
953 3802 1094 3854 auritteret
1111 3799 1163 3853 TO
1180 3807 1225 3868 tm.
1240 3803 1261 3855 2
1279 3799 1401 3855 amitteret

266 3891 293 3944 L
313 3898 411 3960 (postr.
431 3894 449 3947 l.
468 3893 550 3964 aas.)
641 3895 700 3946 etilo
720 3899 829 3960 (parua
847 3895 915 3960 rua.)
934 3890 964 3944 F
1052 3891 1086 3943 14
1104 3889 1262 3944 substantia
1279 3905 1336 3942 cuso
1352 3899 1399 3938 rua.

265 3997 349 4049 cuper
363 3989 452 4050 postr.
472 3983 490 4037 1.
511 3982 538 4035 P
581 3984 615 4036 15
635 3983 812 4036 commutatio
833 3986 861 4035 et
880 3980 1020 4036 conuersio
1041 3978 1153 4044 (i....i
1171 3981 1256 4045 erue.)
1277 3975 1303 4030 Y
1349 3988 1400 4026 con·

267 4085 346 4123 uerso
364 4087 421 4124 roa.
441 4075 467 4124 et
484 4085 554 4124 corr.
573 4086 607 4123 m.
628 4073 648 4124 2
666 4085 699 4123 ea
717 4067 923 4123 conuersan
1014 4068 1047 4120 16
1066 4073 1117 4136 spu
1139 4065 1194 4119 PF
1282 4065 1313 4118 l'l
1331 4061 1399 4115 ulliru

268 4175 377 4212 accersa
400 4159 423 4213 0
440 4158 515 4213 illius
534 4175 656 4213 accessus
677 4159 703 4212 P
781 4158 815 4212 20
835 4157 1019 4228 adquisitione
1041 4153 1118 4210 TOL
1191 4157 1226 4210 21
1245 4147 1398 4210 emanauerit

271 4245 361 4299 TOM
429 4247 581 4318 repperitur
600 4247 626 4300 A
644 4248 782 4317 aperiatur
800 4249 828 4302 P

1539 4167 1540 4204 l

1538 4207 1540 4252 l
