3092 4959
265 408 310 473 64
626 406 652 459 S.
680 404 820 459 Aureli
849 404 1067 473 Augustini

268 600 358 683 panis
381 604 482 665 totam
512 599 725 685 significantes
753 601 806 665 uel
834 604 1066 665 sacramentum
1093 599 1247 679 fidelium,
1272 600 1356 682 quod
1382 601 1411 664 in

267 706 328 772 hoc
356 712 498 791 temporo
525 708 738 773 necessarium
767 710 905 771 estnon
934 712 1039 772 tamen
1068 707 1108 771 ad
1134 707 1230 772 buius
1263 706 1412 788 temporis

267 814 325 879 sed
348 815 387 879 ad
411 815 499 881 illam
520 819 677 879 aeternam
697 814 882 879 felicitatem
902 814 1147 896 adsequendam.
1172 834 1246 880 cum
1265 814 1411 879 dicimus:

268 920 431 984 Dimitte
455 919 563 985 nobis
589 918 717 984 debita
741 922 881 997 nostra,
905 920 1008 983 sicut
1031 923 1069 983 et
1091 939 1156 985 nos
1182 919 1412 985 dimittimus

268 1025 510 1091 debitoribus
540 1026 692 1105 uostris,
718 1046 776 1093 nos
804 1025 1020 1104 admonemus,
1045 1029 1078 1090 et
1105 1026 1181 1108 quid
1208 1030 1354 1109 petamus
1382 1030 1413 1091 et
1440 1047 1450 1084 ε

268 1134 346 1217 quid
368 1133 533 1209 faciamus,
558 1136 595 1197 ut
618 1133 759 1215 accipere
783 1152 969 1198 mereamur.
995 1152 1067 1198 oum
1091 1132 1241 1198 dicimus:
1274 1132 1304 1197 N
1310 1152 1326 1197 o
1348 1151 1411 1198 nos

268 1240 411 1304 inferas
439 1240 475 1303 in
503 1241 803 1324 temptationem,
833 1260 889 1305 nos
917 1240 1123 1305 admonemus
1151 1240 1210 1304 boc
1237 1243 1352 1323 patere,
1376 1257 1412 1304 ne

269 1346 386 1412 deserti
422 1347 490 1412 sius
528 1347 684 1413 adiutorio
721 1347 819 1411 alicui
854 1346 1057 1431 temptationi
1093 1345 1146 1411 uel
1182 1348 1410 1412 consentiamus

267 1454 393 1537 decepti
423 1456 478 1519 uel
509 1455 658 1518 cedamus
692 1454 812 1519 afflicti.
846 1473 919 1518 oum
951 1455 1102 1519 dicimus:
1134 1455 1270 1519 Libera
1300 1472 1363 1518 nos
1394 1472 1411 1517 a

269 1562 377 1640 malo,
397 1580 453 1627 nos
479 1561 683 1625 admonemus
708 1562 848 1645 cogitare
870 1561 1009 1626 nondum
1031 1580 1088 1627 nos
1112 1561 1237 1626 esseio
1261 1580 1299 1627 eo
1322 1560 1408 1635 bono,
1428 1582 1450 1623 o

268 1667 323 1732 ubi
343 1667 466 1731 nullum
485 1667 642 1750 patiamur
660 1667 790 1732 malum.
816 1671 848 1731 et
867 1668 927 1733 boo
950 1668 1076 1750 quidem
1100 1667 1252 1732 ultimum
1276 1668 1357 1752 quod
1380 1667 1409 1731 in

269 1774 408 1839 oratione
446 1773 604 1839 dominica
639 1773 781 1855 positum
818 1778 878 1853 est,
912 1777 979 1838 tam
1012 1774 1076 1838 late
1114 1777 1211 1857 patet,
1247 1778 1285 1839 ut
1320 1776 1409 1838 bomo

269 1879 468 1945 Christianus
491 1880 522 1943 in
549 1879 691 1961 qualibet
709 1880 914 1945 tribulatione
933 1881 1127 1947 constitutus
1146 1881 1179 1945 in
1196 1881 1257 1945 hoc
1277 1880 1408 1965 gemitus

269 1986 351 2062 edat,
371 1986 403 2049 in
422 1986 482 2050 hoc
501 1986 646 2050 lacrimas
666 1986 788 2056 fundat,
808 1987 881 2051 bino
901 1986 1088 2063 exordiatur,
1103 1988 1134 2050 in
1153 1986 1214 2051 hoc
1232 1986 1408 2060 inmoratur,

269 2092 387 2157 adhoc
408 2091 555 2156 terminet
575 2092 759 2157 orationem.
780 2092 829 2157 bis
849 2094 931 2157 enim
950 2093 1057 2157 uerbis
1070 2112 1121 2158 res
1139 2092 1226 2175 ipsas
1245 2090 1407 2157 memoriae
1428 2116 1449 2156 s

269 2203 395 2263 nostrae
420 2200 631 2264 commendari
651 2200 827 2281 oportebat.

131 2306 195 2369 XII
209 2306 249 2368 22
310 2305 391 2370 Nam
417 2306 576 2389 quaelibet
594 2307 656 2371 alia
675 2308 771 2371 uerba
791 2306 945 2385 dicamus,
965 2326 1045 2389 quae
1064 2307 1196 2372 affectus
1221 2305 1338 2372 orantis
1360 2304 1409 2369 uel

267 2412 480 2497 praecedendo
504 2413 629 2490 format,
658 2417 694 2477 ut
722 2414 848 2491 clareat,
872 2415 924 2478 uel
952 2413 1173 2497 consequendo
1202 2412 1352 2490 adtendit,
1374 2412 1407 2473 ut

356 2677 385 2739 4;
407 2675 435 2739 6;
455 2675 471 2727 9
490 2674 589 2735 matth,
608 2674 633 2740 6,
655 2674 771 2740 12-13;
793 2675 857 2728 Luc.
879 2674 920 2743 11,
941 2677 958 2728 4

305 2801 316 2853 l
338 2802 426 2853 totum
443 2798 530 2852 OP¹L
585 2799 779 2867 significantes,
799 2816 833 2852 m.
853 2802 873 2851 2
892 2798 1071 2868 significantis
1090 2798 1129 2851 W
1143 2798 1324 2867 significantis
1338 2794 1409 2851 HPI

303 2892 531 2943 sacramentorum
550 2886 673 2940 HPKP¹
695 2891 787 2952 (orm.
808 2893 826 2941 3
846 2888 907 2956 del.)
927 2888 975 2940 IV
991 2892 1032 2955 (or
1050 2891 1132 2955 cras.)
1186 2888 1202 2940 2
1221 2890 1323 2956 umen,
1339 2906 1371 2942 m.
1389 2892 1406 2941 2

192 2994 196 3003 ·
264 2980 372 3031 tantum
392 2976 528 3031 Italtalr'
552 2978 644 3045 (super
667 2994 722 3033 roe.
742 2993 777 3030 m.
798 2980 818 3032 2
839 2981 928 3031 ntum)
952 2976 991 3029 W
1059 2975 1130 3030 3ad
1149 2993 1200 3032 om.
1220 2977 1247 3030 A
1324 2984 1406 3031 aeter·

267 3084 328 3121 nam
350 3068 434 3119 uitam
454 3066 615 3120 felicitatem
635 3065 661 3119 L
746 3068 812 3119 tet
830 3082 881 3122 om.
902 3066 961 3119 edd.
1065 3067 1150 3119 dnos
1173 3064 1406 3120 admonemus-in

266 3156 474 3225 temptationem
498 3171 558 3221 om,
578 3154 609 3207 in
631 3171 717 3223 morp.
740 3172 801 3223 sup.
823 3172 858 3208 m.
882 3158 901 3208 2
925 3154 991 3207 add.
1014 3154 1051 3208 M
1157 3170 1342 3208 ammonemur
1357 3154 1407 3209 AL

303 3248 331 3297 et
350 3243 422 3313 quod
440 3249 483 3311 (m.
501 3248 519 3296 3
538 3242 613 3313 quid)
633 3247 756 3312 petamus
772 3246 800 3296 et
814 3244 885 3312 quod
900 3246 946 3308 (m.
963 3248 982 3298 3
996 3243 1071 3313 quid)
1085 3242 1123 3296 Ρ1
1138 3248 1166 3297 et
1179 3244 1369 3313 quippetamus
1382 3249 1406 3297 et

266 3331 332 3402 quid
353 3332 459 3402 Oquid
478 3340 601 3400 petamus
621 3331 686 3401 quid
705 3332 731 3385 L
785 3332 934 3385 6faeimus
953 3333 979 3385 V
1047 3348 1183 3402 accepere,
1201 3348 1236 3387 nt
1252 3334 1273 3385 2
1290 3334 1406 3401 accipere

264 3420 304 3475 P²
374 3438 524 3475 mereamus
543 3421 601 3475 ΗΡ
620 3426 663 3484 (m.
685 3426 699 3475 1
720 3436 788 3475 corr.
809 3423 969 3487 mereamur)
988 3422 1039 3476 KI
1055 3424 1097 3489 (ot
1114 3420 1184 3489 aid.)
1239 3422 1405 3475 ‘tammone-

264 3527 324 3564 mur
343 3510 414 3564 IAL
485 3512 530 3579 ne)
548 3526 602 3563 non
621 3509 651 3563 F
702 3511 717 3563 8
737 3510 916 3579 temptatione
935 3510 962 3563 P
980 3514 1059 3577 (corr.
1078 3510 1264 3579 temptationi)
1283 3509 1314 3563 F
1330 3514 1373 3574 (m.
1392 3513 1405 3562 1

264 3615 333 3655 corr.
358 3600 544 3669 temptationi)
567 3598 704 3666 temptati,
728 3616 762 3651 aa.
783 3604 798 3651 1
821 3615 889 3655 corr.
912 3600 1059 3668 temptanti
1077 3598 1116 3651 P²
1206 3600 1222 3653 9
1245 3598 1343 3667 libera]
1362 3596 1406 3651 sed

263 3688 350 3743 libera
367 3689 394 3742 L
411 3704 461 3742 sec.
482 3704 553 3744 socr.
575 3688 626 3741 litt.
665 3687 697 3740 10
717 3704 902 3741 ammonemur
920 3688 975 3742 AL
1027 3704 1076 3740 nos
1095 3690 1118 3753 (s
1137 3703 1170 3740 ex
1187 3702 1256 3740 corr.
1275 3703 1311 3740 m.
1332 3690 1359 3750 3)
1372 3684 1405 3739 Ρ1

266 3777 296 3830 ll
318 3777 372 3845 ubi)
394 3782 424 3829 ut
445 3776 468 3831 O
529 3778 663 3846 patiamur
685 3774 708 3829 0
727 3777 865 3844 paciamur
882 3776 920 3829 P¹
939 3775 1058 3844 patimur
1075 3775 1101 3828 L
1119 3776 1255 3844 patiemur
1272 3774 1302 3827 in
1321 3792 1351 3829 eo
1369 3774 1405 3841 (in

262 3882 295 3919 eo
315 3884 349 3921 m.
369 3870 389 3919 2
407 3866 469 3931 del.)
491 3866 529 3918 P²
593 3866 625 3917 12
646 3866 782 3919 dominica
802 3866 922 3919 oratione
941 3864 1001 3919 edd.
1074 3865 1194 3933 positum
1212 3865 1357 3917 sitetam
1374 3862 1408 3916 Μ

300 3954 436 4023 nt)tuO
529 3956 561 4007 13
582 3955 732 4023 gemituL
807 3957 840 4008 14
858 3954 983 4007 lacrimas
1003 3958 1263 4020 (poetaeacorr.
1283 3969 1317 4007 m.
1336 3954 1364 4021 1)
1380 3950 1408 4004 F

262 4044 389 4104 lacrimis,
418 4060 452 4097 m.
481 4047 496 4096 1
524 4059 592 4097 corr.
626 4043 750 4096 lacrimas
779 4042 817 4097 M
938 4044 1071 4096 immoret'
1100 4046 1145 4109 (=
1178 4041 1348 4107 immoratus)
1372 4038 1407 4092 M

265 4134 297 4186 15
317 4132 386 4185 enim
407 4131 497 4185 uerbis
515 4150 558 4186 res
578 4136 614 4200 (nr
633 4132 722 4186 uerbis
742 4149 785 4185 rea
804 4148 875 4185 erae.
894 4132 964 4197 oid.)
986 4130 1024 4184 W
1114 4130 1175 4198 ipsa
1193 4128 1262 4183 PW
1278 4133 1320 4198 (cst
1337 4128 1403 4183 aid.)

261 4219 298 4272 P¹
318 4226 361 4283 (m.
382 4224 400 4273 3
419 4222 502 4289 ipsas)
521 4219 674 4273 MFAGP²
766 4221 798 4274 16
823 4223 929 4273 uestrae
952 4220 974 4273 0
1066 4220 1097 4273 17
1121 4220 1235 4272 aflectus
1259 4222 1365 4273 orantes
1385 4216 1407 4270 C

261 4308 360 4361 aflectu
381 4310 511 4362 orationis
530 4308 555 4361 L
613 4310 644 4363 18
664 4308 870 4379 praetendendo
897 4308 956 4362 11⁷0
972 4310 1029 4378 (pr.
1048 4326 1065 4362 11
1085 4325 1112 4360 a.
1130 4324 1165 4361 m.
1185 4307 1248 4375 del.)
