3092 4959
532 379 797 448 epistularum
826 379 932 435 CLVII.
1246 386 1310 448 453

158 572 209 635 cui
226 572 345 655 gratiae
362 574 389 637 si
404 572 532 637 fuerunt
544 574 663 638 inimici
678 574 789 639 Iudaei
809 575 1029 659 ignorantes
1045 576 1104 641 dei
1118 577 1310 642 iustitiam

158 683 194 741 et
224 698 329 742 suam
358 680 534 745 uolentes
563 682 815 761 constituere,
844 701 939 763 quare
968 686 1044 747 sunt
1072 688 1103 748 et
1130 684 1198 762 isti,
1227 685 1310 749 siin

157 804 229 848 eum
260 786 472 865 crediderunt,
506 806 599 869 quern
628 788 676 851 illi
706 788 912 852 occiderunt?
944 808 982 853 an
1011 793 1048 853 ut
1076 790 1124 854 illi
1153 790 1312 873 accipiant

156 892 343 973 praemium,
372 894 427 975 qui
451 894 556 958 occiso
582 893 708 960 Christo
733 914 825 959 suam
852 895 1051 979 impietatem
1080 902 1312 961 accusauerunt

122 1020 136 1061 s
157 1003 190 1063 et
214 1018 246 1063 se
271 999 358 1065 illius
383 1001 503 1084 gratiae
528 1001 673 1084 cognitae
698 1001 918 1079 subdiderunt,
948 1007 981 1067 et
1003 1004 1058 1066 isti
1081 1008 1209 1087 portent
1231 1003 1311 1067 incli-

157 1108 254 1182 cium,
293 1107 346 1188 qui
380 1108 425 1171 sic
459 1108 490 1171 in
525 1107 686 1173 Christum
722 1110 836 1173 uolunt
869 1110 1005 1187 credere,
1039 1114 1076 1173 ut
1108 1109 1175 1174 eius
1208 1110 1310 1193 ipsam

157 1214 292 1297 gratiam
317 1217 470 1278 conentur
493 1214 658 1279 occidere?

200 1319 250 1383 hcl
272 1320 333 1385 hoc
357 1320 474 1404 quippe
498 1321 529 1385 in
554 1339 626 1385 enm
651 1321 794 1399 credunt,
823 1322 878 1403 qui
902 1326 987 1386 recte
1013 1322 1155 1399 credunt,
1180 1327 1217 1387 ut
1240 1342 1310 1387 esu-

155 1427 238 1490 riant
270 1426 444 1509 sitiantque
477 1427 634 1492 iustitiam
664 1432 696 1491 et
729 1429 798 1492 eius
832 1429 935 1511 gratia
967 1433 1157 1494 saturentur.
1190 1429 1310 1494 omnis

108 1556 135 1595 ro
157 1533 251 1611 enim,
277 1535 363 1598 sieut
385 1535 540 1616 scriptum
566 1536 712 1617 estqui
738 1535 980 1600 inuocauerit
1002 1555 1132 1600 nomen
1158 1534 1310 1609 domini,

156 1639 288 1705 saluus
313 1640 385 1705 erit
408 1660 468 1705 non
493 1641 605 1724 utique
629 1643 733 1705 salute
762 1642 913 1724 carpana,
942 1662 1037 1724 quam
1065 1642 1160 1707 multi
1184 1642 1311 1718 hahent,

156 1750 188 1810 et
216 1747 270 1829 qui
298 1767 359 1813 non
388 1749 539 1813 inuocant
566 1768 679 1813 nomen
710 1748 840 1826 domini,
871 1748 927 1813 sed
954 1750 1011 1813 illa
1039 1749 1154 1826 salute,
1183 1750 1221 1813 de
1250 1768 1313 1831 qua

154 1853 224 1935 ipse
248 1852 341 1917 dicit:
370 1852 399 1917 N
409 1872 452 1917 on
481 1858 540 1918 est
570 1873 662 1936 opus
693 1854 796 1918 sanis
825 1854 995 1919 medicus
1025 1855 1089 1919 sed
1118 1858 1312 1939 aegrotan-

154 1959 275 2036 tibus3
306 1964 347 2037 et,
377 1961 452 2043 quid
482 1960 604 2037 dixerit,
633 1965 864 2043 consequenter
891 1980 1066 2044 exponens:
1100 1961 1179 2026 Non
1214 1962 1311 2048 ueni,

105 2090 132 2130 rs
153 2067 267 2150 inquit,
297 2085 431 2131 uocare
460 2067 583 2133 iustos
613 2066 676 2130 sed
704 2070 938 2149 peccatores.
969 2066 1073 2132 iustos
1104 2087 1177 2152 ergo
1207 2087 1311 2145 sanor,

156 2179 339 2258 peccatores
367 2178 473 2239 autern
502 2175 581 2238 dixit
609 2178 765 2258 aegrotos.
799 2194 859 2238 non
888 2174 995 2257 itaque
1024 2174 1062 2239 de
1091 2176 1159 2240 suis
1187 2175 1311 2239 uiribus

157 2286 341 2363 praesumat
373 2284 534 2365 aegrotus,
568 2281 644 2363 qnia
675 2280 711 2344 in
744 2280 995 2345 multitudine
1028 2281 1189 2346 uirtutis
1223 2298 1311 2345 errae

156 2408 227 2453 non
257 2388 329 2453 erit
357 2389 500 2453 saluus.
531 2407 604 2451 nam
633 2388 661 2452 si
688 2386 762 2452 inde
791 2387 977 2469 praesumit,
1010 2388 1130 2465 uideat,
1159 2407 1197 2451 ne
1226 2388 1312 2451 uires

157 2496 239 2559 istae
263 2514 325 2560 non
350 2496 425 2573 sint,
450 2494 560 2577 quales
585 2494 689 2559 solent
713 2512 783 2557 esse
808 2513 968 2573 sanorum,
994 2495 1050 2560 sed
1074 2494 1184 2577 quales
1208 2494 1314 2559 solent

108 2624 138 2665 ao
158 2622 228 2667 esse
261 2602 531 2685 phreneticorum:
567 2601 621 2684 qui
650 2621 723 2666 cum
751 2600 816 2665 sint
848 2601 961 2678 insani,
995 2600 1034 2665 ad
1067 2600 1127 2665 hoc
1155 2620 1188 2664 se
1218 2620 1312 2665 sanos

157 2712 283 2793 putant,
317 2712 353 2772 ut
380 2726 438 2773 nec
470 2708 629 2772 medicum
663 2712 816 2791 quaerant
843 2711 875 2773 et
901 2712 1065 2791 tamquam
1093 2709 1313 2791 importunum

156 2815 287 2897 insuper
310 2815 452 2893 caedant,
482 2815 567 2879 siout
588 2816 643 2879 isti
669 2815 833 2881 Christum
860 2816 972 2880 insana
998 2816 1149 2898 superbia
1174 2814 1312 2897 quodam

158 2922 252 2987 modo
287 2922 434 2999 caedunt,
468 2923 560 2987 cuins
594 2922 714 3007 gratiae
746 2926 812 2987 tam
845 2922 1016 3007 benignum
1050 2922 1245 2986 adiutorium
1273 2920 1313 2984 ad

158 3028 336 3092 faciendam
360 3028 518 3092 iustitiam
539 3028 612 3092 dato
631 3028 713 3113 legis
734 3031 902 3111 praecepto
926 3026 1142 3093 necessarium
1161 3046 1222 3091 nou
1242 3046 1313 3090 esse

110 3156 139 3198 ss
160 3134 366 3200 contendunt.
391 3136 536 3199 desinant
559 3154 632 3219 ergo
658 3135 703 3200 sio
728 3136 865 3199 insanire
884 3135 975 3200 etad
993 3136 1054 3200 hoc
1074 3155 1108 3200 se
1127 3134 1315 3217 intellegant

158 3241 285 3320 habere,
315 3246 468 3323 quantum
493 3245 638 3324 possunt,
666 3241 802 3306 liberum
827 3242 1004 3320 arbitrium,
1033 3262 1094 3307 uon
1118 3245 1155 3305 ut
1179 3240 1315 3323 superba

208 3500 465 3567 ,estatinae
525 3502 615 3557 9Ioel
635 3505 660 3565 2,
679 3503 802 3568 armet.
819 3505 844 3567 2,
859 3502 999 3567 213Rom.
1018 3504 1058 3565 10,
1076 3504 1108 3557 13
1166 3503 1198 3555 13
1213 3500 1312 3554 Matth.

159 3590 184 3657 9,
206 3589 323 3655 12-13;
343 3590 425 3646 hiare.
444 3592 469 3658 2,
490 3592 536 3657 17;
556 3591 621 3645 Luc.
641 3594 666 3656 5,
687 3592 794 3645 31-32
851 3593 883 3645 17
903 3592 947 3645 Ps.
968 3593 1012 3656 32,
1034 3593 1066 3645 16

198 3714 333 3769 linerint
351 3716 379 3769 P
462 3715 567 3784 Iudaei]
589 3714 632 3769 dei
651 3715 679 3769 P
759 3715 804 3769 dei
822 3716 980 3785 ignorantes
1000 3716 1060 3772 edd.
1152 3716 1247 3783 risu]
1265 3715 1312 3767 isti

159 3804 262 3859 inimici
295 3805 320 3858 T
346 3804 407 3858 cdd.
499 3806 515 3859 3
545 3805 682 3875 accipiunt
714 3805 739 3858 T
841 3808 858 3857 5
887 3808 927 3875 se]
957 3806 979 3857 si
1006 3806 1033 3857 P
1140 3804 1260 3874 portenti
1290 3805 1313 3857 0

159 3894 176 3947 8
195 3900 269 3949 recte
288 3898 320 3947 ut
339 3898 401 3961 (om.
421 3894 544 3957 eredunt)
565 3894 592 3946 P
690 3895 724 3949 10
744 3894 856 3965 quicuq
880 3895 905 3947 T
920 3910 971 3948 ecc.
995 3895 1075 3963 Vulp.
1094 3899 1145 3963 (ep.
1166 3893 1205 3946 rad
1221 3894 1313 3959 Bono)

162 3983 194 4037 13
213 3984 284 4053 ipse]
305 3984 363 4054 ipse
384 3984 507 4037 dominus
527 3982 572 4063 L¹⁴
626 3982 694 4037 uixit
713 3983 740 4035 P
797 3985 829 4037 14
848 3984 957 4054 exponit
975 3984 1002 4035 P
1057 3984 1090 4036 16
1109 3986 1200 4036 autem
1220 3998 1270 4037 om.
1291 3982 1316 4034 Τ

195 4098 318 4169 itiitaque
336 4099 364 4151 P
381 4100 476 4169 utique
498 4098 545 4154 00
564 4064 582 4168 g
602 4105 647 4164 (=
666 4101 762 4169 igitur)
784 4099 810 4151 Τ
900 4101 932 4154 19
952 4117 1010 4154 esse
1030 4099 1120 4153 solent
1142 4098 1165 4151 0
1242 4114 1310 4167 qua¹

159 4189 287 4245 illisolent
304 4188 332 4242 P
394 4189 430 4244 20
449 4188 487 4242 ad>
501 4188 563 4257 hoc]
585 4188 651 4242 adeo
675 4189 777 4243 Teud.
846 4190 881 4241 12
901 4188 1000 4242 cedant
1018 4194 1043 4243 et
1062 4188 1096 4242 23
1116 4187 1216 4241 cedunt
1235 4186 1312 4240 codd.

160 4280 195 4335 23
216 4280 321 4348 gratiae
340 4278 407 4348 tam]
427 4279 517 4347 gratia
536 4282 564 4331 et
582 4279 635 4331 ianr
655 4278 682 4331 P
745 4278 952 4331 atractensium
975 4276 1023 4331 CO
1095 4276 1313 4347 praeceptumL
