3092 4959
490 325 753 391 epistularum
784 325 942 380 CLXXXIV
961 328 992 381 Α.
1251 334 1313 397 735

161 521 243 580 sunt
270 536 393 601 genera,
427 538 526 583 unum
559 538 678 594 eorum,
712 520 767 602 qui
800 522 1054 603 superstitiones,
1084 542 1162 605 quas
1190 526 1314 605 putant.

164 623 364 688 Christianae
399 624 545 709 religioni
581 629 784 707 anteponunt,
818 628 953 693 alterum
987 649 1105 707 eorum,
1139 630 1193 712 qui
1226 631 1313 695 nullo

161 729 326 813 religionis
344 732 472 795 nomine
492 731 638 797 obstricti
656 739 741 807 sunt,
767 753 825 817 ego
845 735 876 797 in
897 735 1087 816 quibusdam
1105 736 1208 811 libus,
1233 756 1312 819 quos

161 836 213 901 ‘de
245 837 376 901 ciuitate
409 838 470 902 dei'
507 837 701 921 praenotaui,
735 858 870 922 quorum
902 841 941 905 ad
974 861 1032 905 uos
1067 841 1212 907 existimo
1249 843 1311 907 iam

121 944 346 1026 spernerisse
375 945 521 1009 notitiam
551 950 582 1008 et
614 964 751 1028 quorum
784 947 887 1011 adhuc
919 948 1069 1031 reliquos,
1103 950 1131 1012 si
1165 949 1312 1015 dominus

159 1050 312 1126 uoluerit,
342 1052 554 1116 absoluendos
581 1053 613 1117 in
642 1052 756 1117 mediis
785 1054 867 1117 meis
895 1056 1158 1136 occupationibus
1187 1056 1311 1133 molior,

159 1157 316 1221 aduersus
344 1160 481 1240 primum
508 1160 645 1224 istorum
675 1179 788 1243 genus,
822 1161 906 1242 quod
935 1160 1098 1243 apostolus
1127 1164 1227 1238 notat,
1255 1162 1310 1227 ubi

160 1263 254 1329 dicit:
290 1264 390 1344 Quae
423 1266 623 1331 immolant
655 1270 798 1350 gentes,
835 1266 1043 1333 daemoniis
1077 1272 1113 1331 et
1145 1288 1213 1335 non
1243 1268 1309 1334 deo

157 1372 367 1448 immolant,
400 1375 452 1437 uel
477 1378 571 1437 certe.
600 1373 656 1437 ubi
681 1374 772 1437 dicit:
799 1373 1008 1439 Coluerunt
1033 1380 1069 1440 et
1093 1376 1311 1441 serrrierunt

102 1483 361 1553 mercaturae
394 1480 524 1561 potius
559 1499 665 1561 quam
699 1482 871 1557 creatori,
910 1481 1018 1545 decem
1052 1482 1216 1547 uolumina
1248 1502 1308 1547 uon

156 1604 258 1667 parua
288 1586 417 1664 confeci,
445 1607 579 1668 quorum
608 1588 714 1669 priora
741 1588 880 1669 quinque
913 1588 986 1653 illos
1015 1589 1219 1672 redarguunt,
1254 1590 1308 1671 qui

157 1699 288 1775 propter
306 1693 541 1775 adipiscendam
559 1695 612 1759 uel
630 1693 827 1757 retinendam
850 1695 1059 1759 humanarum
1083 1714 1188 1759 rerum
1212 1695 1307 1761 istam

157 1805 315 1864 terrenam
335 1800 607 1883 temporalemque
625 1801 814 1865 felicitatem
838 1821 898 1865 non
923 1802 1019 1866 unius
1044 1803 1162 1867 summi
1186 1806 1217 1866 et
1241 1804 1308 1867 ueri

159 1908 214 1970 sed
241 1906 416 1971 multorum
445 1907 575 1973 deorum
606 1910 729 1973 cultum
756 1909 971 1973 necessarium
1000 1927 1070 1973 esse
1103 1909 1306 1983 contendunt,

107 2040 136 2077 ιε,
158 2014 335 2095 posteriora
353 2033 428 2079 uero
449 2014 512 2077 alia
530 2014 669 2097 quinque
689 2020 798 2079 contra
816 2015 890 2077 illos
910 2018 994 2091 sunt,
1019 2016 1074 2095 qui
1093 2035 1127 2081 se
1151 2016 1306 2081 aduersus

156 2121 329 2185 salutarem
345 2120 519 2186 doctrinam
534 2121 691 2186 tumidius
711 2125 743 2185 et
756 2122 897 2185 inflatius
913 2123 1101 2187 extollentes
1117 2122 1156 2187 od
1171 2122 1305 2187 heatitu-

156 2228 272 2305 dinem,
302 2247 383 2309 quae
406 2231 481 2311 post
505 2228 584 2292 hanc
608 2228 708 2291 uitam
733 2231 888 2308 speratur,
918 2229 1013 2293 otiam
1038 2248 1093 2311 per
1117 2228 1303 2293 daemonum
1385 2259 1386 2267 ¹

154 2336 394 2416 multorumque
431 2335 561 2399 deorum
600 2335 723 2399 cultum
756 2335 939 2399 existimant
975 2335 1150 2417 peruenire.
1187 2335 1243 2401 ubi
1273 2340 1305 2401 et

156 2442 279 2506 nobiles
309 2461 418 2506 corum
445 2442 630 2524 philosophi
658 2443 762 2506 trihus
790 2444 822 2507 in
850 2442 900 2507 his
929 2443 1068 2525 quinque
1096 2441 1152 2505 sed
1180 2442 1304 2507 ultimis

107 2575 136 2611 no
155 2548 245 2613 libris
264 2548 454 2613 refelluntur
472 2569 490 2613 a
508 2549 610 2613 nobis.
634 2550 730 2613 ceteri
754 2550 792 2629 ah
812 2549 978 2615 undecimo
999 2552 1078 2631 quot
1101 2568 1171 2613 esse
1194 2552 1304 2631 potue-

153 2658 227 2732 rint,
261 2675 395 2738 quorum
428 2656 491 2719 iam
519 2661 585 2719 tres
614 2655 748 2734 absolui,
779 2659 925 2737 quartum
955 2657 986 2719 in
1015 2656 1161 2720 manibus
1191 2654 1302 2733 habeo,

155 2782 201 2837 ea,
222 2782 301 2844 quae
320 2782 377 2826 nos
397 2761 435 2825 de
456 2761 586 2826 ciuitate
607 2762 658 2826 dei
674 2765 820 2826 tenemus
841 2764 873 2825 et
892 2762 1061 2839 eredimus,
1087 2761 1302 2837 continebunt,

153 2890 191 2932 ne
225 2870 325 2933 aliena
356 2875 481 2933 tantum
513 2869 608 2935 modo
641 2869 789 2943 refutare,
824 2886 884 2931 non
919 2869 1014 2933 etiam
1048 2873 1156 2933 nostra
1183 2868 1214 2933 in
1243 2868 1302 2933 hoc

156 2995 248 3056 opere
280 2978 423 3041 adserere
455 2977 599 3040 uoluisse
631 2975 806 3039 uideamur.
837 2975 898 3039 iste
937 2979 1043 3039 autem
1081 2978 1155 3057 post
1192 2974 1301 3039 decem

105 3108 133 3145 25
155 3087 285 3161 quartus
300 3082 448 3165 idemque
463 3084 563 3147 totius
578 3082 682 3163 operis
697 3082 829 3164 quartus
845 3080 987 3145 decimus
1001 3081 1091 3159 liber,
1113 3083 1140 3144 si
1155 3079 1301 3145 dominus

153 3188 301 3265 uoluerit,
331 3188 483 3253 enodatas
511 3188 643 3252 habebit
670 3207 790 3265 omnes,
820 3207 898 3270 quas
927 3187 1005 3251 mihi
1033 3186 1245 3270 proposuistis
1269 3188 1299 3251 in

150 3300 259 3359 uestra
281 3295 429 3379 epistula,
455 3295 666 3377 quaestiones.

79 3397 100 3455 li
196 3400 292 3466 Porro
322 3420 395 3466 cum
428 3404 526 3466 altero
555 3401 731 3465 infidelium
764 3420 889 3484 genere,
920 3402 974 3483 qui
1001 3401 1055 3465 uel
1083 3401 1149 3463 uim
1179 3400 1299 3463 nullam

151 3527 221 3571 esse
246 3507 387 3571 diuinam
412 3508 544 3573 credunt
570 3510 625 3572 uel
648 3508 687 3573 ad
711 3527 781 3573 eam
805 3527 855 3571 res
879 3508 1034 3571 humanas
1058 3507 1214 3589 pertinere
1238 3525 1298 3569 non

238 3751 255 3801 S
274 3749 287 3801 I
307 3749 367 3803 Cor.
389 3750 431 3813 10,
450 3751 485 3803 20
540 3752 556 3803 9
575 3750 650 3802 Rom.
672 3752 696 3813 l,
715 3752 749 3804 25

186 3877 198 3927 l
221 3891 287 3944 quas
307 3891 368 3931 om..
387 3892 422 3928 m.
442 3881 457 3926 1
476 3875 540 3928 add.
563 3875 588 3928 G
674 3877 690 3928 3
710 3891 761 3944 ego
782 3873 890 3944 quidem
910 3877 936 3927 iri
958 3873 1078 3943 (quidem
1097 3891 1131 3927 m.
1152 3878 1166 3926 1
1185 3874 1248 3940 del.)
1272 3874 1297 3927 G

146 3967 163 4017 4
183 3965 344 4033 praenotant
363 3980 423 4031 om,
441 3982 476 4017 m.
496 3970 511 4017 1
533 3964 597 4017 add.
619 3964 645 4018 G
717 3966 733 4018 8
753 3963 892 4018 demomus
914 3964 939 4017 G
1012 3964 1028 4017 9
1049 3966 1117 4031 cete,
1136 3980 1170 4017 aa.
1192 3968 1207 4015 1
1226 3978 1295 4019 corr.

146 4057 218 4106 certe
241 4052 267 4105 G
323 4054 354 4105 11
375 4052 530 4121 redargunt,
548 4070 583 4105 m.
602 4056 618 4105 1
637 4068 705 4106 corr.
726 4052 891 4121 redarguunt
913 4051 938 4105 G
1008 4051 1041 4104 12
1060 4051 1209 4119 humarum,
1228 4068 1261 4103 err.
1282 4055 1296 4102 1

146 4158 215 4196 corr.
235 4142 414 4195 humanarum
435 4142 461 4195 G
509 4138 1059 4204 15aduesus‚m.1corr.aduersusG
1107 4138 1295 4192 wintrione

146 4232 207 4285 edd.
263 4234 297 4285 29
318 4232 432 4299 pertine,
451 4248 484 4284 m.
504 4234 519 4283 1
537 4246 605 4283 corr.
626 4230 761 4298 pertinere
782 4229 808 4283 G
