3092 4959
282 359 347 422 700
632 356 658 409 S.
687 355 826 410 Aureli
854 356 1076 425 Augustini

235 556 255 616 5
325 552 387 617 sed
416 553 494 636 quid
522 554 596 617 binc
626 552 759 627 diutius,
790 571 870 634 quse
899 552 937 617 de
965 552 1024 617 hoc
1052 555 1239 635 quaestione
1267 556 1418 622 internos

280 678 339 744 ego
364 663 396 723 et
423 660 607 743 praedictus
635 657 827 723 uenerabilis
856 660 953 723 freter
975 659 1190 743 Hieronymus
1215 662 1295 727 satis
1317 664 1420 729 litteris

280 767 462 850 egerimus?
494 770 528 831 et
559 766 590 830 in
622 766 683 831 boe
716 785 810 847 opere
842 767 1074 845 recentissimo,
1105 768 1189 851 quod
1218 769 1278 833 sub
1308 770 1421 833 nomine

281 872 439 937 Critobuli
472 874 628 937 aduersus
660 871 829 956 Pelagium
861 873 956 938 modo
990 874 1100 939 edidit.
1135 876 1268 940 eundem
1301 877 1338 941 de
1368 878 1422 941 isto

279 1000 312 1043 re
337 984 428 1064 geste
452 980 610 1063 dictisque
633 980 819 1061 apostolicis
844 982 1035 1045 seutentiam
1053 984 1168 1059 tenuit,
1197 1002 1294 1065 quum
1318 984 1422 1048 bestis-
1447 1001 1457 1039 ε

281 1088 356 1151 stmi
380 1087 528 1169 Cypriuni
552 1087 648 1151 eiiam
673 1106 731 1151 nos
756 1087 860 1151 secuti
880 1108 1003 1152 sumus.
1027 1088 1108 1153 illud
1127 1090 1236 1170 potius
1256 1090 1296 1153 de
1315 1090 1424 1173 origiue

281 1194 458 1257 animarum
477 1210 539 1255 non
559 1195 688 1274 propter
705 1197 816 1275 partus
841 1193 1037 1258 adulterinos
1057 1194 1113 1259 sed
1137 1199 1268 1278 propter
1290 1195 1423 1259 innocen-

280 1300 372 1375 tium,
411 1298 495 1381 quod
533 1300 627 1377 absit,
656 1300 900 1375 damnationem,
939 1301 1034 1381 quod.
1073 1302 1193 1385 opinor,
1235 1321 1298 1367 uon
1336 1303 1424 1365 stulte

281 1408 453 1486 quaeritur,
483 1406 510 1470 si
540 1406 616 1487 quid
644 1425 662 1470 e
688 1405 746 1469 teli
778 1424 814 1469 uc
846 1410 935 1471 tanto
965 1407 1106 1472 didicisti
1129 1408 1211 1486 uiro,
1240 1410 1327 1491 quod
1349 1418 1425 1473 recto

280 1514 461 1596 responderi
494 1513 731 1597 ambigentibus
764 1512 877 1596 possit,
912 1532 1029 1595 quaeso
1058 1514 1227 1581 nobiscum
1260 1516 1458 1580 communi-o

281 1640 351 1685 cere
380 1640 441 1686 non
470 1622 601 1686 abnues.
630 1622 677 1685 its
705 1620 825 1704 quippe
852 1620 930 1685 mibi
959 1622 991 1685 in
1020 1622 1169 1703 epistulis
1198 1623 1265 1686 tuis
1291 1623 1425 1687 eruditus

282 1733 314 1793 et
347 1728 457 1793 suauis
495 1728 682 1811 apparuisti,
715 1732 752 1791 ut
786 1746 899 1811 operae
931 1729 1069 1809 pretium
1103 1729 1147 1793 sit
1178 1731 1287 1793 tecum
1318 1728 1425 1793 litteris

282 1834 439 1916 conloqui.
462 1834 569 1898 nescio
588 1851 663 1897 sane
682 1852 777 1915 quem
797 1833 914 1897 librum
934 1834 1077 1900 eiusdem
1097 1835 1235 1899 bominis
1255 1836 1317 1907 dei,
1341 1854 1425 1917 quern

281 1942 446 2023 presbyter
483 1939 617 2005 Orosius
660 1940 777 2003 adtulit
812 1944 950 2024 tuaeque
992 1940 1152 2006 dilectioni
1190 1940 1425 2007 describendum

282 2048 379 2124 dedit,
399 2049 455 2112 ubi
475 2048 513 2112 do
527 2047 756 2111 resurreetione
772 2046 874 2111 carnis
895 2048 1052 2130 praeclare
1072 2048 1254 2131 disputasse
1274 2048 1460 2113 laudatum

280 2152 343 2218 ium
376 2155 469 2220 nobis
502 2158 576 2237 peto
609 2173 670 2218 non
704 2153 831 2217 differes
859 2155 995 2219 mittere.
1025 2155 1096 2242 ideo
1126 2156 1243 2238 quippe
1272 2172 1333 2217 nou
1362 2172 1427 2217 euru

283 2262 346 2326 cito
365 2261 581 2345 poposcimus,
605 2261 679 2344 quia
699 2264 731 2323 et
749 2260 993 2339 describendum
1013 2264 1046 2327 et
1068 2260 1299 2326 emendandum
1324 2260 1428 2341 utique
1488 2336 1490 2338 ι

284 2369 509 2452 cogitauimus‚
534 2369 586 2433 cui
605 2369 733 2449 utrique
752 2368 838 2448 operi
858 2368 1074 2453 largissimum
1093 2367 1156 2431 iam
1181 2370 1335 2448 putemus
1357 2371 1429 2430 tem-

283 2494 344 2558 pus
368 2475 537 2539 indultum.
562 2494 683 2538 memor
704 2474 805 2538 nostri
830 2475 887 2538 deo
912 2476 1016 2539 uiues.

374 2703 444 2755 3-5
463 2702 575 2757 Hieron.
595 2702 659 2755 dial.
679 2701 741 2755 edu.
755 2701 850 2769 Peleg.
869 2700 882 2754 I
897 2700 913 2755 8
928 2699 1032 2770 (bligne
1046 2698 1144 2769 patrol.
1159 2698 1207 2751 lat.
1223 2697 1317 2752 XXIII
1332 2716 1357 2767 p.
1372 2697 1422 2751 bd!

285 2790 395 2859 bcypr.
416 2808 457 2860 ep.
478 2791 522 2857 71,
540 2790 557 2844 3
576 2807 601 2859 p.
622 2790 765 2843 ste-774
785 2790 826 2843 ed.
846 2787 950 2843 Hertel.

322 2916 439 2982 lquue]
458 2930 518 2967 cum
538 2912 599 2966 edd.
681 2913 783 2966 dante
802 2916 830 2965 ct
847 2912 880 2965 iu
897 2910 1149 2980 mareotidem
1173 2909 1200 2965 U
1280 2906 1389 2979 8quod
1407 2919 1432 2960 ut

286 3004 389 3073 opInor,
408 3002 629 3057 sedutinrce.
654 3000 680 3053 U
734 3002 766 3053 16
787 3017 846 3055 eum
865 3002 970 3054 iuras.
995 2998 1170 3053 Ueuruom.
1196 2998 1298 3053 Vter
