<?xml version="1.0" encoding="UTF-8"?>
<!DOCTYPE html PUBLIC "-//W3C//DTD XHTML 1.0 Transitional//EN"
    "http://www.w3.org/TR/xhtml1/DTD/xhtml1-transitional.dtd">
<html xmlns="http://www.w3.org/1999/xhtml" xml:lang="en" lang="en">
 <head>
  <title>
</title>
<meta http-equiv="Content-Type" content="text/html;charset=utf-8" />
  <meta name='ocr-system' content='tesseract 3.04.00' />
  <meta name='ocr-capabilities' content='ocr_page ocr_carea ocr_par ocr_line ocrx_word'/>
</head>
<body>
  <div class='ocr_page' id='page_1' title='image "./corpusscriptoru05wissgoog_0677.png"; bbox 0 0 3092 4959; ppageno 0'>
   <div class='ocr_carea' id='block_1_1' title="bbox 508 407 1304 477">
    <p class='ocr_par' dir='ltr' id='par_1_1' title="bbox 508 407 1304 477">
     <span class='ocr_line' id='line_1_1' title="bbox 508 407 1304 477; baseline 0.015 -18"><span class='ocrx_word' id='word_1_1' title='bbox 508 407 773 476; x_wconf 79' lang='lat' dir='ltr'><strong>epistularum</strong></span> <span class='ocrx_word' id='word_1_2' title='bbox 802 409 948 464; x_wconf 80' lang='lat' dir='ltr'>CLXXIII.</span> <span class='ocrx_word' id='word_1_3' title='bbox 1239 415 1304 477; x_wconf 79' lang='grc'>645</span> 
     </span>
    </p>
   </div>
   <div class='ocr_carea' id='block_1_2' title="bbox 76 597 1309 3134">
    <p class='ocr_par' dir='ltr' id='par_1_2' title="bbox 76 597 1309 3134">
     <span class='ocr_line' id='line_1_2' title="bbox 149 597 1306 688; baseline 0.009 -28"><span class='ocrx_word' id='word_1_4' title='bbox 149 597 196 660; x_wconf 92' lang='lat' dir='ltr'>ibi</span> <span class='ocrx_word' id='word_1_5' title='bbox 225 597 404 664; x_wconf 85' lang='lat' dir='ltr'>Christiana</span> <span class='ocrx_word' id='word_1_6' title='bbox 435 602 541 668; x_wconf 88' lang='lat' dir='ltr'>unitas</span> <span class='ocrx_word' id='word_1_7' title='bbox 575 607 606 668; x_wconf 87' lang='lat' dir='ltr'>et</span> <span class='ocrx_word' id='word_1_8' title='bbox 637 603 741 668; x_wconf 89' lang='lat' dir='ltr'>saneti</span> <span class='ocrx_word' id='word_1_9' title='bbox 770 605 903 688; x_wconf 89' lang='lat' dir='ltr'>spiritus</span> <span class='ocrx_word' id='word_1_10' title='bbox 932 606 1059 684; x_wconf 73' lang='lat' dir='ltr'>caricas,</span> <span class='ocrx_word' id='word_1_11' title='bbox 1092 607 1169 688; x_wconf 87' lang='lat' dir='ltr'>quid</span> <span class='ocrx_word' id='word_1_12' title='bbox 1202 606 1306 670; x_wconf 87' lang='lat' dir='ltr'>adhuc</span> 
     </span>
     <span class='ocr_line' id='line_1_3' title="bbox 149 705 645 774; baseline 0.01 -6"><span class='ocrx_word' id='word_1_13' title='bbox 149 705 210 768; x_wconf 89' lang='lat' dir='ltr'>tibi</span> <span class='ocrx_word' id='word_1_14' title='bbox 234 723 306 771; x_wconf 86' lang='lat' dir='ltr'>esse</span> <span class='ocrx_word' id='word_1_15' title='bbox 329 708 451 772; x_wconf 84' lang='lat' dir='ltr'>conaris</span> <span class='ocrx_word' id='word_1_16' title='bbox 475 709 645 774; x_wconf 76' lang='lat' dir='ltr'>inimicus?</span> 
     </span>
     <span class='ocr_line' id='line_1_4' title="bbox 76 809 1306 901; baseline 0.011 -32"><span class='ocrx_word' id='word_1_17' title='bbox 76 809 96 869; x_wconf 84' lang='grc'>7</span> <span class='ocrx_word' id='word_1_18' title='bbox 196 811 271 875; x_wconf 90' lang='lat' dir='ltr'>Ideo</span> <span class='ocrx_word' id='word_1_19' title='bbox 289 815 452 894; x_wconf 83' lang='lat' dir='ltr'>praestitit</span> <span class='ocrx_word' id='word_1_20' title='bbox 469 816 687 880; x_wconf 85' lang='lat' dir='ltr'>misericordia</span> <span class='ocrx_word' id='word_1_21' title='bbox 706 817 767 894; x_wconf 88' lang='lat' dir='ltr'>dei,</span> <span class='ocrx_word' id='word_1_22' title='bbox 791 821 829 881; x_wconf 88' lang='lat' dir='ltr'>ut</span> <span class='ocrx_word' id='word_1_23' title='bbox 852 821 885 882; x_wconf 86' lang='lat' dir='ltr'>et</span> <span class='ocrx_word' id='word_1_24' title='bbox 902 837 959 882; x_wconf 92' lang='lat' dir='ltr'>nos</span> <span class='ocrx_word' id='word_1_25' title='bbox 984 825 1017 880; x_wconf 92' lang='lat' dir='ltr'>et</span> <span class='ocrx_word' id='word_1_26' title='bbox 1039 818 1182 901; x_wconf 81' lang='lat' dir='ltr'>episcopi</span> <span class='ocrx_word' id='word_1_27' title='bbox 1207 820 1306 883; x_wconf 84' lang='lat' dir='ltr'>nestri</span> 
     </span>
     <span class='ocr_line' id='line_1_5' title="bbox 149 918 1306 1006; baseline 0.007 -26"><span class='ocrx_word' id='word_1_28' title='bbox 149 925 217 981; x_wconf 91' lang='lat' dir='ltr'>tam</span> <span class='ocrx_word' id='word_1_29' title='bbox 246 918 405 1001; x_wconf 80' lang='lat' dir='ltr'><strong>frequenti</strong></span> <span class='ocrx_word' id='word_1_30' title='bbox 433 940 665 1005; x_wconf 89' lang='lat' dir='ltr'>numerosoque</span> <span class='ocrx_word' id='word_1_31' title='bbox 690 929 850 988; x_wconf 89' lang='lat' dir='ltr'>conuentu</span> <span class='ocrx_word' id='word_1_32' title='bbox 875 923 1098 1006; x_wconf 79' lang='lat' dir='ltr'>Carthagmem</span> <span class='ocrx_word' id='word_1_33' title='bbox 1124 925 1306 988; x_wconf 87' lang='lat' dir='ltr'>ueniremus</span> 
     </span>
     <span class='ocr_line' id='line_1_6' title="bbox 118 1027 1306 1112; baseline 0.004 -24"><span class='ocrx_word' id='word_1_34' title='bbox 118 1033 247 1107; x_wconf 82' lang='lat' dir='ltr'>satque</span> <span class='ocrx_word' id='word_1_35' title='bbox 266 1027 348 1090; x_wconf 86' lang='lat' dir='ltr'>inter</span> <span class='ocrx_word' id='word_1_36' title='bbox 365 1047 422 1092; x_wconf 90' lang='lat' dir='ltr'>nos</span> <span class='ocrx_word' id='word_1_37' title='bbox 442 1029 480 1093; x_wconf 90' lang='lat' dir='ltr'>de</span> <span class='ocrx_word' id='word_1_38' title='bbox 503 1030 574 1112; x_wconf 90' lang='lat' dir='ltr'>ipsa</span> <span class='ocrx_word' id='word_1_39' title='bbox 597 1030 797 1094; x_wconf 79' lang='lat' dir='ltr'>dIssensiono</span> <span class='ocrx_word' id='word_1_40' title='bbox 820 1031 1058 1094; x_wconf 78' lang='lat' dir='ltr'>ordinatissime</span> <span class='ocrx_word' id='word_1_41' title='bbox 1082 1033 1306 1096; x_wconf 73' lang='lat' dir='ltr'>conferremus.</span> 
     </span>
     <span class='ocr_line' id='line_1_7' title="bbox 151 1137 1306 1219; baseline 0.006 -23"><span class='ocrx_word' id='word_1_42' title='bbox 151 1141 244 1214; x_wconf 79' lang='lat' dir='ltr'>gesta</span> <span class='ocrx_word' id='word_1_43' title='bbox 271 1137 453 1218; x_wconf 83' lang='lat' dir='ltr'>conscripta</span> <span class='ocrx_word' id='word_1_44' title='bbox 481 1141 565 1205; x_wconf 83' lang='lat' dir='ltr'>sunt.</span> <span class='ocrx_word' id='word_1_45' title='bbox 595 1143 721 1202; x_wconf 88' lang='lat' dir='ltr'>nostroe</span> <span class='ocrx_word' id='word_1_46' title='bbox 751 1137 848 1201; x_wconf 92' lang='lat' dir='ltr'>etiarn</span> <span class='ocrx_word' id='word_1_47' title='bbox 872 1138 1126 1219; x_wconf 83' lang='lat' dir='ltr'>subscriptiones</span> <span class='ocrx_word' id='word_1_48' title='bbox 1149 1143 1306 1203; x_wconf 87' lang='lat' dir='ltr'>tenantur.</span> 
     </span>
     <span class='ocr_line' id='line_1_8' title="bbox 150 1239 1306 1326; baseline 0.003 -23"><span class='ocrx_word' id='word_1_49' title='bbox 150 1239 223 1321; x_wconf 85' lang='lat' dir='ltr'>lege</span> <span class='ocrx_word' id='word_1_50' title='bbox 247 1241 299 1304; x_wconf 89' lang='lat' dir='ltr'>uei</span> <span class='ocrx_word' id='word_1_51' title='bbox 323 1245 439 1323; x_wconf 88' lang='lat' dir='ltr'>putere.</span> <span class='ocrx_word' id='word_1_52' title='bbox 464 1249 502 1306; x_wconf 93' lang='lat' dir='ltr'>ut</span> <span class='ocrx_word' id='word_1_53' title='bbox 524 1243 583 1306; x_wconf 86' lang='lat' dir='ltr'>tibi</span> <span class='ocrx_word' id='word_1_54' title='bbox 608 1243 744 1326; x_wconf 85' lang='lat' dir='ltr'>legatur,</span> <span class='ocrx_word' id='word_1_55' title='bbox 768 1248 801 1306; x_wconf 90' lang='lat' dir='ltr'>et</span> <span class='ocrx_word' id='word_1_56' title='bbox 823 1248 901 1306; x_wconf 89' lang='lat' dir='ltr'>tunc</span> <span class='ocrx_word' id='word_1_57' title='bbox 925 1242 1019 1326; x_wconf 87' lang='lat' dir='ltr'>elige,</span> <span class='ocrx_word' id='word_1_58' title='bbox 1045 1243 1129 1324; x_wconf 90' lang='lat' dir='ltr'>quod</span> <span class='ocrx_word' id='word_1_59' title='bbox 1154 1244 1306 1308; x_wconf 87' lang='lat' dir='ltr'>uolueris.</span> 
     </span>
     <span class='ocr_line' id='line_1_9' title="bbox 150 1346 1307 1432; baseline 0.003 -23"><span class='ocrx_word' id='word_1_60' title='bbox 150 1346 273 1424; x_wconf 73' lang='lat' dir='ltr'>nardini,</span> <span class='ocrx_word' id='word_1_61' title='bbox 298 1347 382 1427; x_wconf 88' lang='lat' dir='ltr'>quod</span> <span class='ocrx_word' id='word_1_62' title='bbox 402 1347 515 1412; x_wconf 83' lang='lat' dir='ltr'>dixeris</span> <span class='ocrx_word' id='word_1_63' title='bbox 534 1367 629 1430; x_wconf 87' lang='lat' dir='ltr'>posse</span> <span class='ocrx_word' id='word_1_64' title='bbox 648 1353 680 1413; x_wconf 92' lang='lat' dir='ltr'>te</span> <span class='ocrx_word' id='word_1_65' title='bbox 700 1349 868 1414; x_wconf 87' lang='lat' dir='ltr'>nobiscum</span> <span class='ocrx_word' id='word_1_66' title='bbox 892 1349 930 1413; x_wconf 92' lang='lat' dir='ltr'>de</span> <span class='ocrx_word' id='word_1_67' title='bbox 953 1350 1034 1432; x_wconf 89' lang='lat' dir='ltr'>ipsis</span> <span class='ocrx_word' id='word_1_68' title='bbox 1059 1349 1160 1432; x_wconf 88' lang='lat' dir='ltr'>gostis</span> <span class='ocrx_word' id='word_1_69' title='bbox 1185 1349 1307 1430; x_wconf 85' lang='lat' dir='ltr'>aliquid</span> 
     </span>
     <span class='ocr_line' id='line_1_10' title="bbox 150 1453 1305 1538; baseline 0.002 -22"><span class='ocrx_word' id='word_1_70' title='bbox 150 1471 255 1535; x_wconf 87' lang='lat' dir='ltr'>agere,</span> <span class='ocrx_word' id='word_1_71' title='bbox 271 1453 299 1518; x_wconf 91' lang='lat' dir='ltr'>si</span> <span class='ocrx_word' id='word_1_72' title='bbox 313 1456 500 1520; x_wconf 89' lang='lat' dir='ltr'>omittamus</span> <span class='ocrx_word' id='word_1_73' title='bbox 517 1457 615 1520; x_wconf 88' lang='lat' dir='ltr'>uerba</span> <span class='ocrx_word' id='word_1_74' title='bbox 629 1457 852 1538; x_wconf 86' lang='lat' dir='ltr'>opiscoporum</span> <span class='ocrx_word' id='word_1_75' title='bbox 867 1459 1059 1531; x_wconf 76' lang='lat' dir='ltr'>nostrornm,</span> <span class='ocrx_word' id='word_1_76' title='bbox 1074 1456 1129 1518; x_wconf 91' lang='lat' dir='ltr'>ubi</span> <span class='ocrx_word' id='word_1_77' title='bbox 1146 1455 1305 1520; x_wconf 78' lang='lat' dir='ltr'>dixerunt:</span> 
     </span>
     <span class='ocr_line' id='line_1_11' title="bbox 105 1559 1307 1646; baseline 0.004 -25"><span class='ocrx_word' id='word_1_78' title='bbox 105 1584 130 1620; x_wconf 85' lang='lat' dir='ltr'>ro</span> <span class='ocrx_word' id='word_1_79' title='bbox 151 1559 230 1624; x_wconf 85' lang='lat' dir='ltr'>‘Nec</span> <span class='ocrx_word' id='word_1_80' title='bbox 263 1580 359 1626; x_wconf 88' lang='lat' dir='ltr'>causa</span> <span class='ocrx_word' id='word_1_81' title='bbox 391 1581 506 1627; x_wconf 85' lang='lat' dir='ltr'>causae</span> <span class='ocrx_word' id='word_1_82' title='bbox 538 1583 596 1626; x_wconf 89' lang='lat' dir='ltr'>neo</span> <span class='ocrx_word' id='word_1_83' title='bbox 629 1581 763 1646; x_wconf 90' lang='lat' dir='ltr'>persona</span> <span class='ocrx_word' id='word_1_84' title='bbox 797 1582 948 1645; x_wconf 89' lang='lat' dir='ltr'>personne</span> <span class='ocrx_word' id='word_1_85' title='bbox 977 1563 1196 1645; x_wconf 84' lang='lat' dir='ltr'>praeiudicat&#39;.</span> <span class='ocrx_word' id='word_1_86' title='bbox 1228 1563 1307 1628; x_wconf 88' lang='lat' dir='ltr'>haec</span> 
     </span>
     <span class='ocr_line' id='line_1_12' title="bbox 151 1668 1309 1752; baseline 0.002 -22"><span class='ocrx_word' id='word_1_87' title='bbox 151 1668 251 1731; x_wconf 89' lang='lat' dir='ltr'>uerba</span> <span class='ocrx_word' id='word_1_88' title='bbox 282 1672 333 1732; x_wconf 88' lang='lat' dir='ltr'>uis</span> <span class='ocrx_word' id='word_1_89' title='bbox 367 1670 565 1745; x_wconf 69' lang='lat' dir='ltr'>omittamus</span> <span class='ocrx_word' id='word_1_90' title='bbox 603 1670 659 1733; x_wconf 90' lang='lat' dir='ltr'>nbi</span> <span class='ocrx_word' id='word_1_91' title='bbox 692 1689 748 1752; x_wconf 90' lang='lat' dir='ltr'>per</span> <span class='ocrx_word' id='word_1_92' title='bbox 780 1689 836 1734; x_wconf 89' lang='lat' dir='ltr'>eos</span> <span class='ocrx_word' id='word_1_93' title='bbox 869 1671 1047 1734; x_wconf 82' lang='lat' dir='ltr'>nescientes</span> <span class='ocrx_word' id='word_1_94' title='bbox 1081 1670 1201 1732; x_wconf 89' lang='lat' dir='ltr'>ueritas</span> <span class='ocrx_word' id='word_1_95' title='bbox 1237 1669 1309 1752; x_wconf 86' lang='lat' dir='ltr'>ipsa</span> 
     </span>
     <span class='ocr_line' id='line_1_13' title="bbox 151 1775 1307 1840; baseline 0.002 -4"><span class='ocrx_word' id='word_1_96' title='bbox 151 1775 262 1837; x_wconf 85' lang='lat' dir='ltr'>locuta</span> <span class='ocrx_word' id='word_1_97' title='bbox 289 1780 348 1840; x_wconf 87' lang='lat' dir='ltr'>est.</span> <span class='ocrx_word' id='word_1_98' title='bbox 378 1776 434 1839; x_wconf 88' lang='lat' dir='ltr'>sed</span> <span class='ocrx_word' id='word_1_99' title='bbox 462 1779 497 1839; x_wconf 90' lang='lat' dir='ltr'>tu</span> <span class='ocrx_word' id='word_1_100' title='bbox 526 1776 670 1840; x_wconf 89' lang='lat' dir='ltr'>dicturus</span> <span class='ocrx_word' id='word_1_101' title='bbox 699 1794 733 1840; x_wconf 89' lang='lat' dir='ltr'>es</span> <span class='ocrx_word' id='word_1_102' title='bbox 762 1776 815 1839; x_wconf 89' lang='lat' dir='ltr'>hio</span> <span class='ocrx_word' id='word_1_103' title='bbox 843 1795 897 1840; x_wconf 90' lang='lat' dir='ltr'>eos</span> <span class='ocrx_word' id='word_1_104' title='bbox 927 1795 1049 1840; x_wconf 88' lang='lat' dir='ltr'>errasse</span> <span class='ocrx_word' id='word_1_105' title='bbox 1077 1780 1111 1840; x_wconf 91' lang='lat' dir='ltr'>et</span> <span class='ocrx_word' id='word_1_106' title='bbox 1137 1776 1168 1839; x_wconf 92' lang='lat' dir='ltr'>in</span> <span class='ocrx_word' id='word_1_107' title='bbox 1193 1776 1307 1839; x_wconf 85' lang='lat' dir='ltr'>falsam</span> 
     </span>
     <span class='ocr_line' id='line_1_14' title="bbox 151 1882 1307 1957; baseline 0 -13"><span class='ocrx_word' id='word_1_108' title='bbox 151 1882 341 1945; x_wconf 81' lang='lat' dir='ltr'>sententiam</span> <span class='ocrx_word' id='word_1_109' title='bbox 374 1882 533 1946; x_wconf 86' lang='lat' dir='ltr'>incautius</span> <span class='ocrx_word' id='word_1_110' title='bbox 567 1883 736 1957; x_wconf 83' lang='lat' dir='ltr'>cecidisse;</span> <span class='ocrx_word' id='word_1_111' title='bbox 769 1901 828 1946; x_wconf 92' lang='lat' dir='ltr'>nos</span> <span class='ocrx_word' id='word_1_112' title='bbox 862 1886 969 1946; x_wconf 87' lang='lat' dir='ltr'>autem</span> <span class='ocrx_word' id='word_1_113' title='bbox 998 1883 1135 1946; x_wconf 89' lang='lat' dir='ltr'>dicimus</span> <span class='ocrx_word' id='word_1_114' title='bbox 1163 1883 1223 1945; x_wconf 86' lang='lat' dir='ltr'>lroo</span> <span class='ocrx_word' id='word_1_115' title='bbox 1253 1899 1307 1944; x_wconf 91' lang='lat' dir='ltr'>eos</span> 
     </span>
     <span class='ocr_line' id='line_1_15' title="bbox 152 1988 1307 2072; baseline 0 -22"><span class='ocrx_word' id='word_1_116' title='bbox 152 2005 265 2052; x_wconf 88' lang='lat' dir='ltr'>uerum</span> <span class='ocrx_word' id='word_1_117' title='bbox 298 1989 414 2052; x_wconf 84' lang='lat' dir='ltr'>dixisse</span> <span class='ocrx_word' id='word_1_118' title='bbox 447 1993 478 2053; x_wconf 91' lang='lat' dir='ltr'>et</span> <span class='ocrx_word' id='word_1_119' title='bbox 510 1989 570 2054; x_wconf 90' lang='lat' dir='ltr'>hoo</span> <span class='ocrx_word' id='word_1_120' title='bbox 603 2009 659 2072; x_wconf 90' lang='lat' dir='ltr'>per</span> <span class='ocrx_word' id='word_1_121' title='bbox 687 1993 718 2052; x_wconf 88' lang='lat' dir='ltr'>te</span> <span class='ocrx_word' id='word_1_122' title='bbox 746 1989 854 2071; x_wconf 88' lang='lat' dir='ltr'>ipsum</span> <span class='ocrx_word' id='word_1_123' title='bbox 881 1990 1034 2052; x_wconf 80' lang='lat' dir='ltr'>facillime</span> <span class='ocrx_word' id='word_1_124' title='bbox 1067 1989 1247 2070; x_wconf 89' lang='lat' dir='ltr'>probamus.</span> <span class='ocrx_word' id='word_1_125' title='bbox 1280 1988 1307 2052; x_wconf 88' lang='lat' dir='ltr'>si</span> 
     </span>
     <span class='ocr_line' id='line_1_16' title="bbox 102 2094 1307 2178; baseline 0.002 -24"><span class='ocrx_word' id='word_1_126' title='bbox 102 2117 129 2154; x_wconf 80' lang='lat' dir='ltr'>rs</span> <span class='ocrx_word' id='word_1_127' title='bbox 151 2094 236 2158; x_wconf 90' lang='lat' dir='ltr'>enim</span> <span class='ocrx_word' id='word_1_128' title='bbox 274 2094 414 2178; x_wconf 85' lang='lat' dir='ltr'>episcopi</span> <span class='ocrx_word' id='word_1_129' title='bbox 452 2097 553 2160; x_wconf 84' lang='lat' dir='ltr'>uestri</span> <span class='ocrx_word' id='word_1_130' title='bbox 585 2097 678 2160; x_wconf 88' lang='lat' dir='ltr'>electi</span> <span class='ocrx_word' id='word_1_131' title='bbox 712 2096 750 2160; x_wconf 89' lang='lat' dir='ltr'>ab</span> <span class='ocrx_word' id='word_1_132' title='bbox 784 2096 934 2159; x_wconf 88' lang='lat' dir='ltr'>uniuersa</span> <span class='ocrx_word' id='word_1_133' title='bbox 965 2101 1054 2178; x_wconf 86' lang='lat' dir='ltr'>parte</span> <span class='ocrx_word' id='word_1_134' title='bbox 1088 2095 1214 2172; x_wconf 86' lang='lat' dir='ltr'>Donati,</span> <span class='ocrx_word' id='word_1_135' title='bbox 1252 2095 1307 2176; x_wconf 80' lang='lat' dir='ltr'>qrri</span> 
     </span>
     <span class='ocr_line' id='line_1_17' title="bbox 152 2202 1309 2285; baseline 0 -21"><span class='ocrx_word' id='word_1_136' title='bbox 152 2219 283 2264; x_wconf 86' lang='lat' dir='ltr'>causam</span> <span class='ocrx_word' id='word_1_137' title='bbox 312 2203 454 2266; x_wconf 89' lang='lat' dir='ltr'>omniurn</span> <span class='ocrx_word' id='word_1_138' title='bbox 484 2203 679 2267; x_wconf 88' lang='lat' dir='ltr'>sustinerent</span> <span class='ocrx_word' id='word_1_139' title='bbox 707 2211 749 2279; x_wconf 91' lang='lat' dir='ltr'>et,</span> <span class='ocrx_word' id='word_1_140' title='bbox 779 2203 805 2266; x_wconf 93' lang='lat' dir='ltr'>si</span> <span class='ocrx_word' id='word_1_141' title='bbox 835 2202 912 2284; x_wconf 87' lang='lat' dir='ltr'>quid</span> <span class='ocrx_word' id='word_1_142' title='bbox 941 2203 1095 2284; x_wconf 85' lang='lat' dir='ltr'>egissent,</span> <span class='ocrx_word' id='word_1_143' title='bbox 1126 2207 1250 2285; x_wconf 86' lang='lat' dir='ltr'>gratnm</span> <span class='ocrx_word' id='word_1_144' title='bbox 1275 2207 1309 2264; x_wconf 90' lang='lat' dir='ltr'>et</span> 
     </span>
     <span class='ocr_line' id='line_1_18' title="bbox 152 2308 1309 2389; baseline 0.001 -20"><span class='ocrx_word' id='word_1_145' title='bbox 152 2310 321 2387; x_wconf 87' lang='lat' dir='ltr'>acceptum</span> <span class='ocrx_word' id='word_1_146' title='bbox 350 2309 447 2372; x_wconf 87' lang='lat' dir='ltr'>ceteri</span> <span class='ocrx_word' id='word_1_147' title='bbox 471 2308 635 2382; x_wconf 86' lang='lat' dir='ltr'>haberent,</span> <span class='ocrx_word' id='word_1_148' title='bbox 664 2315 768 2372; x_wconf 89' lang='lat' dir='ltr'>tamen</span> <span class='ocrx_word' id='word_1_149' title='bbox 793 2309 824 2372; x_wconf 92' lang='lat' dir='ltr'>in</span> <span class='ocrx_word' id='word_1_150' title='bbox 849 2327 897 2383; x_wconf 91' lang='lat' dir='ltr'>eo,</span> <span class='ocrx_word' id='word_1_151' title='bbox 926 2309 1011 2389; x_wconf 84' lang='lat' dir='ltr'>quod</span> <span class='ocrx_word' id='word_1_152' title='bbox 1034 2309 1109 2372; x_wconf 87' lang='lat' dir='ltr'>iilos</span> <span class='ocrx_word' id='word_1_153' title='bbox 1132 2315 1251 2371; x_wconf 89' lang='lat' dir='ltr'>temere</span> <span class='ocrx_word' id='word_1_154' title='bbox 1276 2314 1309 2370; x_wconf 93' lang='lat' dir='ltr'>et</span> 
     </span>
     <span class='ocr_line' id='line_1_19' title="bbox 152 2415 1307 2497; baseline 0 -21"><span class='ocrx_word' id='word_1_155' title='bbox 152 2432 214 2477; x_wconf 91' lang='lat' dir='ltr'>non</span> <span class='ocrx_word' id='word_1_156' title='bbox 230 2418 315 2479; x_wconf 89' lang='lat' dir='ltr'>recte</span> <span class='ocrx_word' id='word_1_157' title='bbox 333 2415 450 2479; x_wconf 87' lang='lat' dir='ltr'>dixisse</span> <span class='ocrx_word' id='word_1_158' title='bbox 470 2416 641 2492; x_wconf 68' lang='lat' dir='ltr'>arbitraris</span> <span class='ocrx_word' id='word_1_159' title='bbox 662 2435 722 2480; x_wconf 92' lang='lat' dir='ltr'>uon</span> <span class='ocrx_word' id='word_1_160' title='bbox 742 2416 795 2480; x_wconf 91' lang='lat' dir='ltr'>uis</span> <span class='ocrx_word' id='word_1_161' title='bbox 815 2419 853 2480; x_wconf 88' lang='lat' dir='ltr'>ut</span> <span class='ocrx_word' id='word_1_162' title='bbox 871 2416 930 2479; x_wconf 90' lang='lat' dir='ltr'>tibi</span> <span class='ocrx_word' id='word_1_163' title='bbox 949 2415 1175 2497; x_wconf 74' lang='lat' dir='ltr'>praeindioent,</span> <span class='ocrx_word' id='word_1_164' title='bbox 1195 2433 1307 2478; x_wconf 88' lang='lat' dir='ltr'>uerum</span> 
     </span>
     <span class='ocr_line' id='line_1_20' title="bbox 152 2521 1308 2604; baseline -0.001 -20"><span class='ocrx_word' id='word_1_165' title='bbox 152 2539 228 2602; x_wconf 85' lang='lat' dir='ltr'>ergo</span> <span class='ocrx_word' id='word_1_166' title='bbox 258 2521 411 2598; x_wconf 86' lang='lat' dir='ltr'>dixerunt,</span> <span class='ocrx_word' id='word_1_167' title='bbox 441 2523 515 2604; x_wconf 86' lang='lat' dir='ltr'>quia</span> <span class='ocrx_word' id='word_1_168' title='bbox 543 2525 608 2587; x_wconf 89' lang='lat' dir='ltr'>‘nec</span> <span class='ocrx_word' id='word_1_169' title='bbox 638 2541 735 2587; x_wconf 85' lang='lat' dir='ltr'>causa</span> <span class='ocrx_word' id='word_1_170' title='bbox 762 2541 878 2586; x_wconf 88' lang='lat' dir='ltr'>causae</span> <span class='ocrx_word' id='word_1_171' title='bbox 906 2541 963 2586; x_wconf 90' lang='lat' dir='ltr'>neo</span> <span class='ocrx_word' id='word_1_172' title='bbox 992 2541 1128 2603; x_wconf 89' lang='lat' dir='ltr'>persona</span> <span class='ocrx_word' id='word_1_173' title='bbox 1155 2540 1308 2602; x_wconf 88' lang='lat' dir='ltr'>personae</span> 
     </span>
     <span class='ocr_line' id='line_1_21' title="bbox 102 2627 1309 2713; baseline 0.001 -24"><span class='ocrx_word' id='word_1_174' title='bbox 102 2651 131 2690; x_wconf 76' lang='lat' dir='ltr'>ro</span> <span class='ocrx_word' id='word_1_175' title='bbox 151 2627 369 2709; x_wconf 86' lang='lat' dir='ltr'>praeiudicat&#39;.</span> <span class='ocrx_word' id='word_1_176' title='bbox 385 2632 418 2692; x_wconf 85' lang='lat' dir='ltr'>et</span> <span class='ocrx_word' id='word_1_177' title='bbox 434 2628 480 2692; x_wconf 91' lang='lat' dir='ltr'>ibi</span> <span class='ocrx_word' id='word_1_178' title='bbox 499 2629 595 2692; x_wconf 89' lang='lat' dir='ltr'>dobes</span> <span class='ocrx_word' id='word_1_179' title='bbox 615 2647 798 2713; x_wconf 82' lang='lat' dir='ltr'>agnoscere,</span> <span class='ocrx_word' id='word_1_180' title='bbox 819 2629 904 2710; x_wconf 90' lang='lat' dir='ltr'>quia,</span> <span class='ocrx_word' id='word_1_181' title='bbox 919 2629 947 2692; x_wconf 92' lang='lat' dir='ltr'>si</span> <span class='ocrx_word' id='word_1_182' title='bbox 967 2647 1099 2711; x_wconf 87' lang='lat' dir='ltr'>persona</span> <span class='ocrx_word' id='word_1_183' title='bbox 1119 2633 1169 2691; x_wconf 90' lang='lat' dir='ltr'>tot</span> <span class='ocrx_word' id='word_1_184' title='bbox 1188 2627 1309 2709; x_wconf 88' lang='lat' dir='ltr'>episco-</span> 
     </span>
     <span class='ocr_line' id='line_1_22' title="bbox 153 2733 1308 2817; baseline 0 -21"><span class='ocrx_word' id='word_1_185' title='bbox 153 2753 268 2816; x_wconf 88' lang='lat' dir='ltr'>porum</span> <span class='ocrx_word' id='word_1_186' title='bbox 287 2739 414 2798; x_wconf 89' lang='lat' dir='ltr'>tuorum</span> <span class='ocrx_word' id='word_1_187' title='bbox 434 2735 465 2798; x_wconf 92' lang='lat' dir='ltr'>in</span> <span class='ocrx_word' id='word_1_188' title='bbox 484 2735 550 2798; x_wconf 91' lang='lat' dir='ltr'>illis</span> <span class='ocrx_word' id='word_1_189' title='bbox 570 2741 692 2817; x_wconf 88' lang='lat' dir='ltr'>septem</span> <span class='ocrx_word' id='word_1_190' title='bbox 713 2737 961 2800; x_wconf 86' lang='lat' dir='ltr'>constitutorum</span> <span class='ocrx_word' id='word_1_191' title='bbox 981 2755 1041 2800; x_wconf 91' lang='lat' dir='ltr'>nou</span> <span class='ocrx_word' id='word_1_192' title='bbox 1060 2735 1112 2798; x_wconf 86' lang='lat' dir='ltr'>uis</span> <span class='ocrx_word' id='word_1_193' title='bbox 1131 2738 1169 2798; x_wconf 92' lang='lat' dir='ltr'>ut</span> <span class='ocrx_word' id='word_1_194' title='bbox 1186 2733 1308 2816; x_wconf 87' lang='lat' dir='ltr'>praeiu-</span> 
     </span>
     <span class='ocr_line' id='line_1_23' title="bbox 154 2841 1309 2925; baseline 0 -22"><span class='ocrx_word' id='word_1_195' title='bbox 154 2842 241 2904; x_wconf 85' lang='lat' dir='ltr'>dicet</span> <span class='ocrx_word' id='word_1_196' title='bbox 260 2860 410 2923; x_wconf 84' lang='lat' dir='ltr'>persouae</span> <span class='ocrx_word' id='word_1_197' title='bbox 431 2841 547 2906; x_wconf 87' lang='lat' dir='ltr'>Donati</span> <span class='ocrx_word' id='word_1_198' title='bbox 566 2842 832 2925; x_wconf 84' lang='lat' dir='ltr'>Mutugennensis</span> <span class='ocrx_word' id='word_1_199' title='bbox 856 2842 1045 2924; x_wconf 84' lang='lat' dir='ltr'>presbyteri,</span> <span class='ocrx_word' id='word_1_200' title='bbox 1066 2841 1309 2922; x_wconf 90' lang='lat' dir='ltr'>quantominus</span> 
     </span>
     <span class='ocr_line' id='line_1_24' title="bbox 154 2946 1309 3030; baseline -0.002 -20"><span class='ocrx_word' id='word_1_201' title='bbox 154 2967 216 3011; x_wconf 90' lang='lat' dir='ltr'>non</span> <span class='ocrx_word' id='word_1_202' title='bbox 237 2947 331 3011; x_wconf 90' lang='lat' dir='ltr'>debet</span> <span class='ocrx_word' id='word_1_203' title='bbox 350 2947 566 3030; x_wconf 87' lang='lat' dir='ltr'>praeiudicare</span> <span class='ocrx_word' id='word_1_204' title='bbox 587 2948 757 3013; x_wconf 83' lang='lat' dir='ltr'>Caeciliani</span> <span class='ocrx_word' id='word_1_205' title='bbox 777 2967 921 3029; x_wconf 89' lang='lat' dir='ltr'>persona,</span> <span class='ocrx_word' id='word_1_206' title='bbox 946 2948 1074 3011; x_wconf 88' lang='lat' dir='ltr'>etiamsi</span> <span class='ocrx_word' id='word_1_207' title='bbox 1092 2947 1168 3010; x_wconf 86' lang='lat' dir='ltr'>mali</span> <span class='ocrx_word' id='word_1_208' title='bbox 1187 2946 1309 3026; x_wconf 82' lang='lat' dir='ltr'>aliquid</span> 
     </span>
     <span class='ocr_line' id='line_1_25' title="bbox 153 3053 1308 3134; baseline -0.002 -18"><span class='ocrx_word' id='word_1_209' title='bbox 153 3055 186 3117; x_wconf 92' lang='lat' dir='ltr'>in</span> <span class='ocrx_word' id='word_1_210' title='bbox 211 3053 268 3118; x_wconf 89' lang='lat' dir='ltr'>illo</span> <span class='ocrx_word' id='word_1_211' title='bbox 292 3059 378 3118; x_wconf 86' lang='lat' dir='ltr'>esset</span> <span class='ocrx_word' id='word_1_212' title='bbox 401 3054 578 3126; x_wconf 83' lang='lat' dir='ltr'>inuentum,</span> <span class='ocrx_word' id='word_1_213' title='bbox 605 3055 771 3118; x_wconf 89' lang='lat' dir='ltr'>uniuersae</span> <span class='ocrx_word' id='word_1_214' title='bbox 796 3055 911 3118; x_wconf 88' lang='lat' dir='ltr'>unitati</span> <span class='ocrx_word' id='word_1_215' title='bbox 937 3053 1065 3130; x_wconf 82' lang='lat' dir='ltr'>Christi,</span> <span class='ocrx_word' id='word_1_216' title='bbox 1088 3072 1169 3134; x_wconf 86' lang='lat' dir='ltr'>qnae</span> <span class='ocrx_word' id='word_1_217' title='bbox 1192 3071 1252 3116; x_wconf 92' lang='lat' dir='ltr'>nou</span> <span class='ocrx_word' id='word_1_218' title='bbox 1276 3053 1308 3114; x_wconf 89' lang='lat' dir='ltr'>in</span> 
     </span>
    </p>
   </div>
   <div class='ocr_carea' id='block_1_3' title="bbox 104 3159 1308 3331">
    <p class='ocr_par' dir='ltr' id='par_1_3' title="bbox 104 3159 1308 3331">
     <span class='ocr_line' id='line_1_26' title="bbox 104 3159 1308 3245; baseline 0 -25"><span class='ocrx_word' id='word_1_219' title='bbox 104 3183 134 3219; x_wconf 78' lang='lat' dir='ltr'>-a</span> <span class='ocrx_word' id='word_1_220' title='bbox 154 3180 219 3224; x_wconf 78' lang='lat' dir='ltr'>urna</span> <span class='ocrx_word' id='word_1_221' title='bbox 255 3161 334 3225; x_wconf 87' lang='lat' dir='ltr'>uilla</span> <span class='ocrx_word' id='word_1_222' title='bbox 365 3160 564 3245; x_wconf 82' lang='lat' dir='ltr'>Mutugenna</span> <span class='ocrx_word' id='word_1_223' title='bbox 596 3160 810 3236; x_wconf 85' lang='lat' dir='ltr'>concluditur,</span> <span class='ocrx_word' id='word_1_224' title='bbox 847 3160 902 3223; x_wconf 93' lang='lat' dir='ltr'>sed</span> <span class='ocrx_word' id='word_1_225' title='bbox 939 3163 1008 3224; x_wconf 85' lang='lat' dir='ltr'>toto</span> <span class='ocrx_word' id='word_1_226' title='bbox 1045 3162 1200 3224; x_wconf 85' lang='lat' dir='ltr'>terrarum</span> <span class='ocrx_word' id='word_1_227' title='bbox 1234 3159 1308 3222; x_wconf 90' lang='lat' dir='ltr'>orbe</span> 
     </span>
     <span class='ocr_line' id='line_1_27' title="bbox 155 3267 357 3331; baseline -0.005 0"><span class='ocrx_word' id='word_1_228' title='bbox 155 3267 357 3331; x_wconf 81' lang='lat' dir='ltr'>diffundItur!</span> 
     </span>
    </p>
   </div>
   <div class='ocr_carea' id='block_1_4' title="bbox 155 3473 1309 3634">
    <p class='ocr_par' dir='ltr' id='par_1_4' title="bbox 155 3473 1309 3634">
     <span class='ocr_line' id='line_1_28' title="bbox 248 3473 1309 3544; baseline -0.003 -17"><span class='ocrx_word' id='word_1_229' title='bbox 248 3476 280 3528; x_wconf 92' lang='grc'>10</span> <span class='ocrx_word' id='word_1_230' title='bbox 296 3475 329 3528; x_wconf 83' lang='lat' dir='ltr'>of.</span> <span class='ocrx_word' id='word_1_231' title='bbox 342 3475 411 3544; x_wconf 82' lang='lat' dir='ltr'>Aug.</span> <span class='ocrx_word' id='word_1_232' title='bbox 426 3475 500 3528; x_wconf 87' lang='lat' dir='ltr'>brou.</span> <span class='ocrx_word' id='word_1_233' title='bbox 522 3476 590 3529; x_wconf 92' lang='lat' dir='ltr'>conl.</span> <span class='ocrx_word' id='word_1_234' title='bbox 611 3493 669 3529; x_wconf 84' lang='lat' dir='ltr'>cunr</span> <span class='ocrx_word' id='word_1_235' title='bbox 685 3475 785 3528; x_wconf 85' lang='lat' dir='ltr'>Donat.</span> <span class='ocrx_word' id='word_1_236' title='bbox 806 3474 847 3528; x_wconf 93' lang='lat' dir='ltr'>III</span> <span class='ocrx_word' id='word_1_237' title='bbox 865 3476 906 3529; x_wconf 87' lang='grc'>16,</span> <span class='ocrx_word' id='word_1_238' title='bbox 922 3477 969 3537; x_wconf 68' lang='grc'>66;</span> <span class='ocrx_word' id='word_1_239' title='bbox 991 3473 1024 3526; x_wconf 87' lang='lat' dir='ltr'>nd</span> <span class='ocrx_word' id='word_1_240' title='bbox 1039 3474 1140 3526; x_wconf 87' lang='lat' dir='ltr'>Donat.</span> <span class='ocrx_word' id='word_1_241' title='bbox 1160 3479 1224 3541; x_wconf 86' lang='lat' dir='ltr'>post</span> <span class='ocrx_word' id='word_1_242' title='bbox 1238 3473 1309 3524; x_wconf 86' lang='lat' dir='ltr'>conl.</span> 
     </span>
     <span class='ocr_line' id='line_1_29' title="bbox 155 3563 1072 3634; baseline -0.001 -18"><span class='ocrx_word' id='word_1_243' title='bbox 155 3567 250 3632; x_wconf 76' lang='lat' dir='ltr'>&#39;2sqq,</span> <span class='ocrx_word' id='word_1_244' title='bbox 270 3563 372 3632; x_wconf 82' lang='lat' dir='ltr'>(IIigue</span> <span class='ocrx_word' id='word_1_245' title='bbox 392 3566 488 3634; x_wconf 87' lang='lat' dir='ltr'>patrol.</span> <span class='ocrx_word' id='word_1_246' title='bbox 509 3565 557 3618; x_wconf 80' lang='lat' dir='ltr'>lat.</span> <span class='ocrx_word' id='word_1_247' title='bbox 577 3563 666 3619; x_wconf 77' lang='lat' dir='ltr'>xum</span> <span class='ocrx_word' id='word_1_248' title='bbox 687 3581 711 3633; x_wconf 84' lang='lat' dir='ltr'>p.</span> <span class='ocrx_word' id='word_1_249' title='bbox 732 3565 794 3627; x_wconf 89' lang='grc'>611,</span> <span class='ocrx_word' id='word_1_250' title='bbox 815 3565 846 3627; x_wconf 80' lang='grc'>7;</span> <span class='ocrx_word' id='word_1_251' title='bbox 865 3567 926 3624; x_wconf 83' lang='grc'>653,</span> <span class='ocrx_word' id='word_1_252' title='bbox 946 3566 980 3617; x_wconf 87' lang='grc'>15</span> <span class='ocrx_word' id='word_1_253' title='bbox 1001 3566 1072 3631; x_wconf 87' lang='lat' dir='ltr'>sqq.)</span> 
     </span>
    </p>
   </div>
   <div class='ocr_carea' id='block_1_5' title="bbox 156 3687 1312 4379">
    <p class='ocr_par' dir='ltr' id='par_1_5' title="bbox 156 3687 1312 4379">
     <span class='ocr_line' id='line_1_30' title="bbox 195 3687 1312 3758; baseline -0.001 -18"><span class='ocrx_word' id='word_1_254' title='bbox 195 3689 207 3740; x_wconf 91' lang='lat'>1</span> <span class='ocrx_word' id='word_1_255' title='bbox 227 3687 278 3755; x_wconf 76' lang='lat' dir='ltr'>ibi]</span> <span class='ocrx_word' id='word_1_256' title='bbox 298 3687 337 3740; x_wconf 86' lang='lat' dir='ltr'>ibi</span> <span class='ocrx_word' id='word_1_257' title='bbox 356 3693 398 3742; x_wconf 85' lang='lat' dir='ltr'>est</span> <span class='ocrx_word' id='word_1_258' title='bbox 416 3689 474 3742; x_wconf 72' lang='lat' dir='ltr'>edd</span> <span class='ocrx_word' id='word_1_259' title='bbox 572 3691 626 3758; x_wconf 87' lang='lat' dir='ltr'>qai,</span> <span class='ocrx_word' id='word_1_260' title='bbox 645 3707 679 3742; x_wconf 85' lang='lat' dir='ltr'>m.</span> <span class='ocrx_word' id='word_1_261' title='bbox 700 3693 715 3742; x_wconf 92' lang='lat'><em>1</em></span> <span class='ocrx_word' id='word_1_262' title='bbox 733 3706 803 3742; x_wconf 87' lang='lat' dir='ltr'>corr.</span> <span class='ocrx_word' id='word_1_263' title='bbox 823 3687 888 3757; x_wconf 84' lang='lat' dir='ltr'>qnid</span> <span class='ocrx_word' id='word_1_264' title='bbox 908 3687 938 3741; x_wconf 84' lang='lat' dir='ltr'>F</span> <span class='ocrx_word' id='word_1_265' title='bbox 1025 3691 1041 3741; x_wconf 85' lang='lat'>5</span> <span class='ocrx_word' id='word_1_266' title='bbox 1062 3687 1262 3740; x_wconf 75' lang='lat' dir='ltr'>conduceremus</span> <span class='ocrx_word' id='word_1_267' title='bbox 1282 3687 1312 3739; x_wconf 82' lang='lat' dir='ltr'><em>F</em></span> 
     </span>
     <span class='ocr_line' id='line_1_31' title="bbox 156 3775 1311 3847; baseline 0 -20"><span class='ocrx_word' id='word_1_268' title='bbox 156 3775 174 3826; x_wconf 82' lang='lat'><strong>6</strong></span> <span class='ocrx_word' id='word_1_269' title='bbox 193 3781 286 3828; x_wconf 86' lang='lat' dir='ltr'>nostra</span> <span class='ocrx_word' id='word_1_270' title='bbox 305 3777 387 3830; x_wconf 87' lang='lat' dir='ltr'>etiam</span> <span class='ocrx_word' id='word_1_271' title='bbox 407 3777 621 3847; x_wconf 66' lang='lat' dir='ltr'>subscriptiones</span> <span class='ocrx_word' id='word_1_272' title='bbox 636 3778 737 3846; x_wconf 60' lang='lat' dir='ltr'>&amp;uisae</span> <span class='ocrx_word' id='word_1_273' title='bbox 755 3779 815 3833; x_wconf 79' lang='lat' dir='ltr'>reid.</span> <span class='ocrx_word' id='word_1_274' title='bbox 835 3794 858 3837; x_wconf 71' lang='lat' dir='ltr'>a)</span> <span class='ocrx_word' id='word_1_275' title='bbox 879 3777 910 3829; x_wconf 74' lang='lat' dir='ltr'><em>F</em></span> <span class='ocrx_word' id='word_1_276' title='bbox 1034 3778 1048 3827; x_wconf 84' lang='lat'>7</span> <span class='ocrx_word' id='word_1_277' title='bbox 1068 3777 1198 3844; x_wconf 84' lang='lat' dir='ltr'>legantur</span> <span class='ocrx_word' id='word_1_278' title='bbox 1210 3777 1311 3842; x_wconf 75' lang='lat' dir='ltr'>sirm</span> 
     </span>
     <span class='ocr_line' id='line_1_32' title="bbox 158 3865 1311 3934; baseline -0.003 -14"><span class='ocrx_word' id='word_1_279' title='bbox 158 3865 192 3920; x_wconf 89' lang='lat'>10</span> <span class='ocrx_word' id='word_1_280' title='bbox 212 3866 304 3934; x_wconf 80' lang='lat' dir='ltr'>cansa]</span> <span class='ocrx_word' id='word_1_281' title='bbox 322 3881 455 3918; x_wconf 85' lang='lat' dir='ltr'>causaue</span> <span class='ocrx_word' id='word_1_282' title='bbox 475 3869 518 3932; x_wconf 86' lang='lat' dir='ltr'>(ne</span> <span class='ocrx_word' id='word_1_283' title='bbox 539 3866 600 3930; x_wconf 79' lang='lat' dir='ltr'>del.)</span> <span class='ocrx_word' id='word_1_284' title='bbox 622 3867 645 3918; x_wconf 73' lang='lat' dir='ltr'>(J</span> <span class='ocrx_word' id='word_1_285' title='bbox 691 3867 721 3918; x_wconf 91' lang='lat' dir='ltr'>il</span> <span class='ocrx_word' id='word_1_286' title='bbox 744 3867 843 3918; x_wconf 80' lang='lat' dir='ltr'>omitia</span> <span class='ocrx_word' id='word_1_287' title='bbox 870 3865 959 3918; x_wconf 82' lang='lat' dir='ltr'>uniP</span> <span class='ocrx_word' id='word_1_288' title='bbox 1006 3867 1038 3918; x_wconf 82' lang='lat'>12</span> <span class='ocrx_word' id='word_1_289' title='bbox 1058 3866 1150 3917; x_wconf 78' lang='lat' dir='ltr'>locuta</span> <span class='ocrx_word' id='word_1_290' title='bbox 1168 3867 1311 3930; x_wconf 57' lang='lat' dir='ltr'>(merus)</span> 
     </span>
     <span class='ocr_line' id='line_1_33' title="bbox 157 3951 1311 4008; baseline -0.004 0"><span class='ocrx_word' id='word_1_291' title='bbox 157 3952 230 4008; x_wconf 64' lang='lat'>&lt;21²²</span> <span class='ocrx_word' id='word_1_292' title='bbox 305 3955 336 4007; x_wconf 84' lang='lat'>13</span> <span class='ocrx_word' id='word_1_293' title='bbox 355 3955 516 4008; x_wconf 85' lang='lat' dir='ltr'>incautisO</span> <span class='ocrx_word' id='word_1_294' title='bbox 595 3955 716 4007; x_wconf 88' lang='lat' dir='ltr'>dicemus</span> <span class='ocrx_word' id='word_1_295' title='bbox 736 3953 763 4006; x_wconf 93' lang='lat' dir='ltr'>P</span> <span class='ocrx_word' id='word_1_296' title='bbox 843 3955 893 4007; x_wconf 90' lang='lat' dir='ltr'>hoc</span> <span class='ocrx_word' id='word_1_297' title='bbox 912 3971 963 4007; x_wconf 84' lang='lat' dir='ltr'>om.</span> <span class='ocrx_word' id='word_1_298' title='bbox 983 3955 1010 4006; x_wconf 84' lang='grc' dir='ltr'><strong><em>Ρ</em></strong></span> <span class='ocrx_word' id='word_1_299' title='bbox 1077 3955 1110 4006; x_wconf 90' lang='grc'>16</span> <span class='ocrx_word' id='word_1_300' title='bbox 1129 3953 1266 4006; x_wconf 84' lang='lat' dir='ltr'>sustinent</span> <span class='ocrx_word' id='word_1_301' title='bbox 1284 3951 1311 4003; x_wconf 93' lang='lat' dir='ltr'><strong><em>P</em></strong></span> 
     </span>
     <span class='ocr_line' id='line_1_34' title="bbox 158 4041 1311 4111; baseline -0.004 -14"><span class='ocrx_word' id='word_1_302' title='bbox 158 4043 192 4097; x_wconf 90' lang='lat'>18</span> <span class='ocrx_word' id='word_1_303' title='bbox 212 4042 357 4096; x_wconf 87' lang='lat' dir='ltr'>arbitrares</span> <span class='ocrx_word' id='word_1_304' title='bbox 376 4043 403 4095; x_wconf 80' lang='lat' dir='ltr'><strong><em>A</em></strong></span> <span class='ocrx_word' id='word_1_305' title='bbox 497 4059 551 4095; x_wconf 90' lang='lat' dir='ltr'>uon</span> <span class='ocrx_word' id='word_1_306' title='bbox 570 4043 624 4111; x_wconf 75' lang='lat' dir='ltr'>uis}</span> <span class='ocrx_word' id='word_1_307' title='bbox 645 4043 723 4096; x_wconf 87' lang='lat' dir='ltr'>nobis</span> <span class='ocrx_word' id='word_1_308' title='bbox 742 4043 773 4094; x_wconf 83' lang='lat' dir='ltr'><em>F</em></span> <span class='ocrx_word' id='word_1_309' title='bbox 857 4044 892 4094; x_wconf 81' lang='lat'>20</span> <span class='ocrx_word' id='word_1_310' title='bbox 912 4041 1029 4110; x_wconf 83' lang='lat' dir='ltr'>quodO</span> <span class='ocrx_word' id='word_1_311' title='bbox 1135 4057 1264 4108; x_wconf 85' lang='lat' dir='ltr'>personas</span> <span class='ocrx_word' id='word_1_312' title='bbox 1283 4041 1311 4091; x_wconf 82' lang='lat' dir='ltr'><strong><em>A</em></strong></span> 
     </span>
     <span class='ocr_line' id='line_1_35' title="bbox 156 4129 1310 4201; baseline -0.003 -17"><span class='ocrx_word' id='word_1_313' title='bbox 156 4133 190 4184; x_wconf 79' lang='lat'>21</span> <span class='ocrx_word' id='word_1_314' title='bbox 211 4130 358 4200; x_wconf 82' lang='lat' dir='ltr'>praedicet,</span> <span class='ocrx_word' id='word_1_315' title='bbox 377 4149 410 4184; x_wconf 74' lang='lat' dir='ltr'>nu</span> <span class='ocrx_word' id='word_1_316' title='bbox 432 4135 451 4184; x_wconf 82' lang='lat'><strong><em>2</em></strong></span> <span class='ocrx_word' id='word_1_317' title='bbox 469 4131 638 4201; x_wconf 82' lang='lat' dir='ltr'>praeiudicet</span> <span class='ocrx_word' id='word_1_318' title='bbox 656 4133 683 4184; x_wconf 92' lang='lat' dir='ltr'><em>P</em></span> <span class='ocrx_word' id='word_1_319' title='bbox 741 4132 776 4184; x_wconf 78' lang='lat'>23</span> <span class='ocrx_word' id='word_1_320' title='bbox 797 4132 891 4201; x_wconf 70' lang='lat' dir='ltr'>cecilii</span> <span class='ocrx_word' id='word_1_321' title='bbox 910 4132 937 4184; x_wconf 80' lang='lat' dir='ltr'><strong><em>A</em></strong></span> <span class='ocrx_word' id='word_1_322' title='bbox 1001 4133 1036 4184; x_wconf 78' lang='lat'>24</span> <span class='ocrx_word' id='word_1_323' title='bbox 1055 4131 1156 4184; x_wconf 84' lang='lat' dir='ltr'>unitati</span> <span class='ocrx_word' id='word_1_324' title='bbox 1173 4135 1272 4197; x_wconf 81' lang='lat' dir='ltr'>(postr.</span> <span class='ocrx_word' id='word_1_325' title='bbox 1292 4129 1310 4181; x_wconf 82' lang='lat' dir='ltr'>l.</span> 
     </span>
     <span class='ocr_line' id='line_1_36' title="bbox 159 4220 1312 4286; baseline -0.003 -12"><span class='ocrx_word' id='word_1_326' title='bbox 159 4223 188 4274; x_wconf 81' lang='lat' dir='ltr'>in</span> <span class='ocrx_word' id='word_1_327' title='bbox 212 4237 267 4275; x_wconf 83' lang='lat' dir='ltr'>rus.</span> <span class='ocrx_word' id='word_1_328' title='bbox 292 4237 326 4272; x_wconf 86' lang='lat' dir='ltr'>ru.</span> <span class='ocrx_word' id='word_1_329' title='bbox 345 4223 370 4286; x_wconf 83' lang='lat'>1)</span> <span class='ocrx_word' id='word_1_330' title='bbox 388 4221 416 4274; x_wconf 87' lang='lat' dir='ltr'><strong><em>P</em></strong></span> <span class='ocrx_word' id='word_1_331' title='bbox 437 4223 551 4283; x_wconf 87' lang='lat' dir='ltr'>unitate,</span> <span class='ocrx_word' id='word_1_332' title='bbox 572 4238 603 4275; x_wconf 78' lang='lat' dir='ltr'>nn</span> <span class='ocrx_word' id='word_1_333' title='bbox 626 4221 764 4274; x_wconf 66' lang='lat' dir='ltr'>:inuitati</span> <span class='ocrx_word' id='word_1_334' title='bbox 784 4221 820 4272; x_wconf 89' lang='grc' dir='ltr'><em>Μ</em></span> <span class='ocrx_word' id='word_1_335' title='bbox 908 4221 1036 4272; x_wconf 85' lang='lat' dir='ltr'>inunum</span> <span class='ocrx_word' id='word_1_336' title='bbox 1057 4220 1125 4272; x_wconf 75' lang='lat' dir='ltr'>uilla</span> <span class='ocrx_word' id='word_1_337' title='bbox 1142 4221 1312 4285; x_wconf 77' lang='lat' dir='ltr'>mutugemra</span> 
     </span>
     <span class='ocr_line' id='line_1_37' title="bbox 157 4307 1311 4379; baseline -0.004 -15"><span class='ocrx_word' id='word_1_338' title='bbox 157 4316 242 4379; x_wconf 78' lang='lat' dir='ltr'>(post.</span> <span class='ocrx_word' id='word_1_339' title='bbox 257 4335 290 4353; x_wconf 59' lang='grc' dir='ltr'>ω</span> <span class='ocrx_word' id='word_1_340' title='bbox 307 4327 339 4364; x_wconf 78' lang='lat' dir='ltr'>rot.</span> <span class='ocrx_word' id='word_1_341' title='bbox 353 4309 478 4377; x_wconf 81' lang='lat' dir='ltr'>fortusse</span> <span class='ocrx_word' id='word_1_342' title='bbox 493 4315 521 4377; x_wconf 81' lang='lat'>2)</span> <span class='ocrx_word' id='word_1_343' title='bbox 535 4311 563 4363; x_wconf 89' lang='lat' dir='ltr'><strong><em>P</em></strong></span> <span class='ocrx_word' id='word_1_344' title='bbox 597 4311 631 4362; x_wconf 80' lang='grc'>25</span> <span class='ocrx_word' id='word_1_345' title='bbox 650 4327 795 4378; x_wconf 85' lang='lat' dir='ltr'>mugenua,</span> <span class='ocrx_word' id='word_1_346' title='bbox 812 4328 845 4361; x_wconf 87' lang='lat' dir='ltr'>m.</span> <span class='ocrx_word' id='word_1_347' title='bbox 860 4315 892 4361; x_wconf 84' lang='lat' dir='ltr'>ut</span> <span class='ocrx_word' id='word_1_348' title='bbox 910 4309 968 4361; x_wconf 80' lang='lat' dir='ltr'>uid.</span> <span class='ocrx_word' id='word_1_349' title='bbox 983 4313 998 4360; x_wconf 89' lang='lat'><strong><em>1</em></strong></span> <span class='ocrx_word' id='word_1_350' title='bbox 1012 4324 1082 4362; x_wconf 87' lang='lat' dir='ltr'>corr.</span> <span class='ocrx_word' id='word_1_351' title='bbox 1101 4313 1270 4376; x_wconf 75' lang='lat' dir='ltr'>mutugenna</span> <span class='ocrx_word' id='word_1_352' title='bbox 1283 4307 1311 4360; x_wconf 86' lang='lat' dir='ltr'><em>R</em></span> 
     </span>
    </p>
   </div>
   <div class='ocr_carea' id='block_1_6' title="bbox 0 0 1560 4959">
    <p class='ocr_par' dir='ltr' id='par_1_6' title="bbox 0 0 1560 4959">
     <span class='ocr_line' id='line_1_38' title="bbox 0 0 1560 4959; baseline 0 0"><span class='ocrx_word' id='word_1_353' title='bbox 0 0 1560 4959; x_wconf 95' lang='lat' dir='ltr'> </span> 
     </span>
    </p>
   </div>
  </div>
 </body>
</html>
