3092 4959
257 359 320 421 112
611 353 637 406 S.
665 351 803 406 Aureli
831 351 1049 422 Augustini

255 549 524 614 commutabiliter
549 549 750 612 inmortalem
780 548 954 612 secundum
982 547 1147 630 aequalem
1175 548 1257 631 patri
1289 548 1403 613 diuini·

254 661 353 722 tatem
394 656 592 738 eundemque
638 656 825 720 mutabilem
873 660 968 738 atque
1014 655 1181 720 mortalem
1227 656 1403 720 secundum

255 767 421 847 cognatam
444 763 535 827 nobis
558 761 786 840 infirmitatem,
806 763 837 826 in
863 782 925 845 quo
945 761 1071 827 Christo
1091 781 1127 827 eo
1146 764 1299 845 tempore,
1320 763 1403 844 qnod

254 868 560 951 opportunissimum
572 868 642 948 ipse
660 871 793 932 nouerat
811 871 843 931 et
862 871 934 932 ante
949 869 1077 931 saecula
1092 867 1300 949 disposuerat,
1316 870 1405 932 uenit

254 976 436 1040 bominibus
458 973 677 1057 magisterium
703 977 735 1037 et
758 974 949 1038 adiutorium
974 973 1014 1038 ad
1037 975 1263 1057 capessendam
1288 975 1403 1058 sempi-
1432 998 1445 1036 a

252 1086 373 1147 ternam
400 1082 552 1144 salntem:
581 1080 802 1164 magisterium
832 1080 970 1163 quidem,
999 1083 1036 1145 ut
1064 1099 1109 1158 aa,
1139 1099 1219 1163 qnae
1245 1081 1298 1144 hic
1331 1085 1403 1146 ante

254 1188 339 1253 dicta
367 1191 443 1252 sunt
468 1187 593 1253 utiliter
621 1207 695 1252 nera
722 1207 783 1251 non
812 1189 918 1252 solum
947 1207 965 1252 a
994 1188 1156 1270 prophetis
1191 1188 1321 1266 sanctis,
1351 1189 1404 1270 qni

255 1295 361 1360 omnia
388 1314 464 1359 nera
492 1295 647 1371 dixerunt,
674 1315 787 1359 uerum
816 1294 910 1359 etiarn
936 1314 953 1358 a
976 1295 1177 1378 philosophis
1202 1299 1297 1377 atque
1326 1297 1404 1377 ipsis

253 1402 357 1484 poetis
381 1405 414 1465 et
436 1403 566 1467 cuiusce
589 1402 675 1466 modi
700 1401 884 1466 auctoribus
902 1401 1091 1480 litterarum,
1111 1419 1190 1482 quos
1210 1400 1312 1464 multa
1331 1420 1405 1465 uera

253 1509 344 1572 falsis
363 1509 532 1573 miscuisse
552 1509 622 1590 quis
642 1507 794 1592 ambigat,
813 1509 901 1572 illius
921 1508 1016 1576 etiam
1034 1507 1066 1571 in
1091 1526 1182 1572 carne
1205 1511 1445 1590 praesentatam

255 1615 452 1680 confirmaret
475 1615 648 1680 auotoritas
672 1619 885 1698 propiorem,
906 1615 959 1696 qui
978 1613 1034 1678 illa
1052 1634 1114 1679 non
1133 1619 1264 1695 possent
1281 1615 1313 1678 in
1333 1615 1403 1696 ipsa

252 1723 366 1786 intima
387 1722 524 1786 ueritate
547 1741 672 1786 cernere
695 1724 790 1804 atque
810 1721 996 1799 discernere,
1017 1739 1097 1803 quae
1117 1722 1247 1797 ueritas,
1267 1725 1299 1786 et
1319 1725 1404 1785 ante·

254 1848 349 1910 qnam
359 1829 520 1893 bominem
536 1829 728 1905 adsumeret,
743 1829 812 1912 ipse
827 1833 895 1892 erat
909 1828 1065 1908 omnibns,
1081 1828 1135 1910 qni
1151 1827 1219 1892 eins
1234 1828 1403 1912 participes

254 1953 323 1998 esse
351 1936 534 2015 potnerunt,
562 1934 696 1998 maxime
724 1951 799 1998 uero
833 1951 909 1998 suae
942 1933 1165 1996 incarnationis
1197 1932 1339 2015 exemplo
1371 1932 1404 1996 id

253 2041 422 2105 salubriter
444 2042 614 2123 persuasit,
638 2045 684 2119 ut,
710 2040 857 2122 quoniam
882 2039 1025 2104 homines
1054 2039 1197 2123 plerique
1226 2038 1404 2104 diuinitatis
1420 2061 1446 2102 ra

252 2148 338 2212 auidi
366 2167 422 2230 per
449 2149 624 2228 potestates
659 2147 825 2223 caelestes,
855 2165 933 2228 quas
963 2145 1039 2210 deos
1072 2148 1230 2229 putarent,
1258 2145 1403 2227 ritusque

252 2253 357 2319 uarios
381 2252 576 2316 inlicitorum
599 2271 660 2317 non
684 2271 843 2318 sacrorum
864 2253 920 2317 sed
939 2253 1179 2336 sacrilegiorum
1200 2251 1402 2318 ambiendum

254 2360 315 2424 sibi
339 2359 565 2424 arbitrarentur
588 2359 627 2423 ad
651 2359 745 2424 deum
770 2360 873 2444 magis
903 2361 1037 2441 superbe
1066 2377 1161 2442 quam
1189 2360 1252 2443 pie,
1280 2379 1342 2442 qua
1368 2359 1400 2422 in

289 2655 302 2706 1
328 2653 653 2722 aequalem-secundnm
677 2671 737 2722 ona,
761 2673 796 2711 m.
816 2659 835 2708 2
859 2655 924 2708 add.
944 2655 977 2708 H
1084 2655 1257 2709 diuinitatem
1277 2655 1400 2724 equalem

253 2743 324 2813 patri
351 2743 384 2790 W
490 2743 576 2812 patris
599 2743 630 2797 H
653 2748 698 2810 (aa.
723 2747 753 2811 2)
777 2743 805 2799 R
895 2745 1088 2798 imitabilem
1106 2747 1134 2799 A
1223 2745 1400 2814 3coguitam

255 2831 489 2887 TGRMAKPP¹
508 2831 568 2887 edd.
583 2838 697 2900 praeter
714 2849 741 2886 m
827 2850 878 2902 qno
897 2849 919 2886 s.
938 2851 966 2886 a.
985 2834 1015 2887 D
1104 2837 1221 2903 terpora,
1240 2851 1275 2887 m.
1296 2837 1315 2888 2
1332 2837 1400 2887 tern-

251 2939 316 2992 pore
335 2921 369 2974 H
439 2938 491 2990 qno
513 2920 563 2974 CR
607 2922 771 2989 dipsacos.
791 2922 825 2976 H
895 2939 1000 2990 saecna,
1019 2923 1271 2977 m.2aaeoulali
1305 2925 1401 2990 apost

251 3009 481 3064 hominibusraa.
504 3010 615 3064 7-81.
638 3010 678 3064 W
792 3010 955 3065 auditorium
975 3011 1005 3065 D
1090 3012 1178 3082 onia,
1197 3029 1231 3065 ro.
1253 3011 1352 3066 3hinc
1371 3009 1403 3063 H

252 3099 316 3153 hinc
335 3099 368 3152 K
437 3102 500 3152 ante
518 3115 569 3152 om.
589 3098 623 3152 K
637 3103 718 3153 antea
736 3100 761 3152 T
811 3102 931 3154 laona.
951 3100 984 3154 K
1054 3102 1127 3170 quiue
1149 3105 1257 3169 (parare
1276 3103 1344 3168 raa.)
1366 3099 1404 3152 W

253 3189 269 3243 8
288 3205 305 3242 a
323 3205 373 3244 om.
396 3187 436 3240 W
540 3189 556 3240 9
576 3190 614 3256 et]
634 3188 679 3241 nel
702 3189 772 3242 WH
873 3188 1059 3244 huiuscemodi
1082 3189 1324 3244 CDWHRMAP
1341 3188 1399 3244 edd.

247 3285 363 3346 praeter
381 3275 579 3330 mhuinsmodi
597 3277 631 3330 K
729 3279 761 3332 10
780 3279 857 3332 ialsis
876 3297 927 3334 om.
952 3279 1020 3334 WH
1127 3281 1198 3349 quis]
1219 3281 1280 3349 quis
1298 3295 1353 3332 uon
1371 3277 1401 3331 K

287 3367 361 3419 illius
380 3382 430 3420 orn.
454 3364 522 3421 WH
570 3359 579 3386 ⁸
626 3367 655 3418 ll
678 3367 785 3436 possint
806 3367 869 3420 TP¹
888 3373 1002 3438 possunt
1024 3368 1073 3422 GR
1180 3365 1400 3422 laetamen

255 3455 288 3507 13
307 3453 373 3523 ipse,
393 3471 428 3506 m.
449 3459 467 3506 3
485 3457 594 3523 praesto
613 3455 647 3508 H
663 3456 768 3525 etipse
790 3455 840 3511 CR
859 3458 926 3526 ipae,
944 3474 978 3510 or.
998 3461 1013 3510 1
1032 3474 1100 3513 corr.
1125 3457 1185 3526 ipsa
1204 3457 1240 3509 Μ
1262 3457 1322 3525 ipsa
1340 3455 1399 3509 edd.

247 3547 362 3609 practer
378 3560 406 3596 m
478 3542 573 3596 aderat
591 3544 651 3598 edd.
724 3543 923 3599 hominibusH
942 3547 970 3598 in
990 3545 1114 3598 omnibns
1136 3544 1214 3598 GRP
1285 3543 1402 3614 quaeM

286 3632 432 3700 particeps,
451 3649 485 3684 m.
507 3635 527 3686 2
545 3633 691 3702 participes
711 3632 748 3686 M
821 3635 853 3687 14
873 3636 1000 3704 potnerit,
1019 3652 1053 3687 m.
1073 3639 1088 3687 1
1107 3651 1174 3688 corr.
1196 3636 1345 3702 potuerunt
1366 3631 1402 3686 W

286 3720 401 3773 maxime
426 3724 451 3784 (e
474 3721 507 3774 a'n
528 3725 597 3789 raa.)
619 3721 659 3774 W
677 3723 810 3776 maximae
832 3725 917 3794 (post.
938 3741 953 3776 a
972 3727 1042 3792 exp.)
1061 3723 1097 3776 M
1193 3723 1269 3791 suae]
1294 3723 1351 3776 eius
1370 3720 1400 3775 H

254 3809 286 3862 15
305 3808 427 3877 plerique
446 3825 497 3863 orn.
516 3808 555 3862 P¹
611 3811 643 3862 16
663 3809 737 3863 auidi
754 3827 811 3864 ras.
831 3828 864 3864 ex
882 3809 958 3864 abidi
979 3811 1066 3865 Cant
1086 3811 1123 3865 dii
1142 3811 1174 3864 K
1244 3827 1312 3880 qnos
1335 3809 1401 3865 WH

251 3901 297 3963 (m.
322 3900 341 3951 2
365 3900 442 3966 quaa)
550 3898 670 3967 ritosque
694 3899 731 3952 Μ
752 3904 796 3967 (m.
821 3905 837 3952 1
859 3917 927 3954 corr.
951 3901 1084 3969 ritusque)
1114 3901 1138 3953 Τ
1160 3906 1204 3966 (m.
1230 3899 1398 3969 2rituaqnel

253 3987 286 4039 17
312 3984 360 4039 aed
383 3987 585 4055 sacrilegiorum
609 4003 660 4040 om.
684 3986 718 4040 K
823 3989 1026 4057 sacrilegaorum
1053 3989 1299 4056 Gsacrilegmnrn,
1322 4006 1357 4042 m.
1381 3991 1399 4040 2

253 4074 455 4144 sacrilegiorum
469 4076 497 4130 R
552 4076 739 4130 arnbioendum
752 4077 790 4132 Μ
807 4078 997 4146 ambigendum
1012 4079 1039 4131 A
1059 4078 1209 4133 ambientes
1222 4078 1255 4130 Η
1291 4079 1324 4132 18
1338 4075 1397 4146 sibi]

251 4164 299 4226 ibi,
319 4181 353 4216 m.
371 4168 389 4217 3
406 4165 445 4217 ire
460 4164 493 4218 Η
563 4165 736 4220 arbitrarbur
755 4166 789 4220 ad
810 4166 869 4220 duur
890 4167 920 4220 D
991 4184 1105 4237 superne
1120 4167 1152 4220 K
1168 4166 1313 4235 superbisti
1333 4168 1396 4236 (ras.

252 4253 380 4317 1-21.),
399 4270 468 4306 corr.
488 4254 605 4324 superbe
623 4255 660 4307 M
