3092 4959
280 339 344 402 480
637 334 663 386 S.
693 332 831 386 Aureli
860 332 1080 401 Augustini

277 548 467 610 permanere,
498 532 533 591 nt
558 548 592 593 aa
617 548 723 591 earum
753 527 845 591 honis
874 527 1023 609 operibus
1048 530 1302 609 promererentur
1326 527 1414 591 deun.

277 635 354 698 haec
388 634 552 697 dimittant
578 634 685 717 potius
713 639 842 716 propter
871 632 1033 698 Christum
1067 652 1162 716 quam
1194 638 1323 716 propter
1352 634 1413 696 haer

277 742 451 818 Christum,
470 746 508 804 ut
527 741 683 823 accipiant
700 740 733 803 in
752 741 813 804 hoc
833 740 960 805 saeculo
981 740 1175 823 centuplum.
1197 740 1289 803 cuius
1310 740 1415 804 numeri

275 849 468 930 perfectione
494 847 714 931 significantur
738 846 842 910 omnia
866 882 908 891 ——
936 846 1068 911 fidelis
1099 847 1235 930 qnippe
1264 846 1414 911 hominis

275 958 380 1019 totus
409 953 569 1017 mundus
598 954 823 1017 diuitiarum
854 956 912 1016 esi
941 953 1085 1035 fiuntque
1114 952 1173 1017 hoo
1198 952 1292 1018 modo
1322 954 1443 1036 quasis

275 1061 372 1125 nihil
400 1060 584 1125 habentes
618 1065 657 1125 et
685 1060 808 1124 omnia
837 1060 1079 1141 possidentes
1114 1098 1167 1137 -,
1201 1066 1233 1125 et
1261 1062 1293 1125 in
1321 1065 1412 1123 futuro

276 1168 402 1231 saeculo
430 1167 616 1249 possideant
648 1167 748 1230 uitam
783 1170 951 1245 aeternam,
985 1185 1024 1230 ne
1053 1172 1180 1250 proptor
1207 1168 1271 1233 ieta
1299 1168 1413 1231 dimisso

278 1272 403 1337 Christo
428 1273 459 1335 in
484 1278 618 1337 mortem
642 1273 891 1355 praecipitentur
913 1276 1084 1339 aeternam.

210 1380 251 1443 33
321 1379 391 1443 Hac
415 1379 531 1461 quippe
556 1379 630 1462 lege
651 1383 684 1442 et
708 1379 889 1444 condicione
914 1399 974 1444 non
998 1380 1047 1445 illi
1071 1384 1206 1459 tantum,
1236 1382 1291 1462 qui
1314 1380 1413 1444 mentis

276 1484 460 1548 excelientia
487 1483 692 1567 perfectionis
722 1486 891 1549 consilium
920 1487 1115 1568 receperunt,
1149 1490 1187 1551 ut
1212 1487 1342 1552 uendite
1369 1504 1444 1550 suan

275 1592 467 1673 pauperibus
501 1591 728 1655 distribuerent
756 1595 788 1656 et
815 1592 955 1657 humeris
989 1594 1027 1656 ab
1062 1593 1148 1657 omni
1182 1594 1303 1659 saeculi
1334 1592 1413 1658 hrrins

276 1699 399 1761 sarcina
421 1698 624 1763 liberioribus
647 1698 752 1762 leuem
780 1698 898 1763 Christi
923 1701 1079 1764 sarcinam
1104 1701 1230 1777 ferrent,
1255 1701 1311 1765 sed
1334 1701 1413 1765 etium

276 1806 423 1887 quisquis
461 1805 613 1869 infirmior
650 1810 682 1869 et
718 1806 766 1869 illi
805 1806 1056 1889 gloriosissimae
1097 1806 1285 1889 perfectioni
1326 1808 1414 1871 minue

276 1912 418 1989 idoneus,
451 1912 505 1993 qui
534 1916 638 1975 tamen
669 1932 703 1975 se
732 1913 879 1977 meminit
910 1915 1067 1977 ueraciter
1099 1933 1169 1979 esse
1203 1914 1414 1979 Christianum.

277 2037 349 2082 cum
378 2018 514 2083 audierit
542 2020 604 2083 sibi
631 2019 773 2100 proponi,
804 2021 897 2100 qrrod,
931 2022 992 2085 nisi
1020 2021 1100 2086 haec
1129 2022 1235 2086 omnia
1263 2020 1445 2088 dimiseritis

278 2125 470 2189 dimissurus
499 2131 549 2190 est
577 2126 752 2203 Christum,
786 2126 1001 2209 adprehendet
1033 2129 1141 2209 potius
1174 2132 1293 2192 turrem
1327 2126 1415 2191 foru-

276 2231 424 2297 tudinis
449 2253 467 2296 a
490 2233 586 2297 facie
615 2233 772 2311 inimici,
806 2234 889 2315 quia,
919 2253 991 2299 cum
1021 2255 1090 2299 eam
1113 2235 1144 2299 in
1169 2254 1225 2299 sua
1251 2234 1414 2300 aedificarer

277 2341 349 2420 tide,
383 2341 585 2421 computabit
616 2344 776 2422 sumptus,
811 2341 928 2423 quibus
961 2342 1070 2423 perfici
1102 2346 1221 2424 posset,
1255 2342 1288 2406 id
1316 2346 1362 2407 est
1385 2357 1414 2401 eo

278 2449 381 2513 animo
410 2448 547 2512 accessit
574 2447 614 2511 ad
641 2447 745 2525 fidem,
775 2452 812 2512 ut
839 2448 914 2513 huic
943 2450 1070 2514 saeculo
1099 2468 1159 2513 non
1189 2450 1294 2515 solum
1323 2447 1413 2511 uerbis

277 2554 483 2629 renuntiaret,
513 2554 597 2637 quia,
622 2557 654 2617 et
677 2554 705 2618 si
729 2554 807 2619 emit
831 2554 960 2637 aliquid,
989 2560 1152 2637 tamquam
1176 2575 1236 2621 non
1261 2554 1446 2639 possideres

279 2667 355 2736 erat,
390 2665 422 2724 et
449 2661 477 2725 si
510 2661 659 2725 utebatur
690 2662 820 2740 mundo,
854 2666 1018 2744 tamquam
1050 2682 1111 2726 non
1145 2666 1238 2728 utens
1271 2666 1337 2727 erut
1364 2677 1413 2723 nou

279 2787 409 2849 sperans
433 2768 465 2831 in
489 2768 608 2831 incerto
633 2767 818 2831 diuitiarum
843 2768 954 2832 sedin
979 2770 1036 2834 deo
1061 2770 1147 2834 uiuo.

213 2883 256 2948 34
325 2874 405 2939 Cum
434 2874 517 2939 enim
546 2875 659 2950 omnis,
694 2875 749 2957 qui
776 2877 936 2940 sententiat
964 2876 1038 2941 huio
1066 2876 1204 2952 saeculo,
1239 2876 1305 2941 sine
1332 2872 1413 2938 dubio

369 3140 387 3189 4
404 3137 485 3189 Pron.
507 3137 548 3199 17,
567 3138 583 3190 6
604 3152 656 3189 see.
676 3138 807 3205 Septuag.
864 3136 925 3189 511
945 3136 1005 3191 Cor.
1026 3138 1052 3204 6,
1073 3137 1106 3190 10
1162 3138 1195 3189 12
1214 3136 1313 3190 hiatth.
1334 3138 1370 3200 11,
1387 3134 1416 3185 3¹⁸

281 3225 314 3277 16
342 3225 386 3278 Ps.
412 3225 454 3292 60,
480 3226 497 3277 4
589 3224 622 3277 17
645 3223 711 3277 Luc.
737 3225 780 3292 11,
806 3226 840 3277 28
931 3224 965 3277 20
989 3224 1002 3277 Ι
1028 3222 1088 3277 Cor.
1113 3224 1138 3287 7,
1161 3224 1265 3279 30-31
1355 3224 1382 3275 21
1407 3219 1414 3269 1

281 3314 350 3367 Tim.
370 3314 395 3382 6,
417 3316 449 3367 17

317 3443 330 3493 1
352 3444 538 3510 promerentur
557 3439 584 3491 P
654 3440 671 3491 2
691 3438 833 3492 dimittant
854 3438 881 3504 (d
900 3456 933 3492 ca:
951 3456 968 3509 p
989 3456 1022 3491 m.
1043 3442 1067 3507 1)
1086 3439 1114 3491 P
1188 3441 1206 3494 4
1224 3438 1378 3509 perfectioni
1395 3434 1418 3487 P

318 3530 405 3582 tidelis
429 3530 529 3599 quippe
554 3528 677 3581 homines
700 3528 728 3580 P
749 3528 823 3581 fideli
853 3529 952 3597 quippe
978 3528 1080 3581 hornini
1104 3528 1161 3581 LT
1185 3528 1245 3582 eoa,
1273 3534 1376 3597 praeter
1397 3540 1416 3575 se

282 3619 447 3673 durandum
468 3617 491 3671 C
509 3623 554 3685 (m.
575 3617 738 3681 amundus)
763 3617 786 3669 O
842 3618 856 3669 7
876 3617 1026 3687 possident,
1047 3634 1080 3669 m.
1102 3623 1117 3671 1
1138 3633 1206 3672 corr.
1229 3610 1417 3687 possideant

281 3710 297 3763 8
316 3709 344 3762 in
363 3711 449 3761 morte
468 3708 682 3778 praecipitentur
700 3711 837 3760 aeternam
853 3707 880 3759 P
897 3706 924 3759 in
943 3711 1030 3759 mortc
1049 3706 1263 3775 praecipitentur
1281 3700 1417 3760 aeternat

283 3800 314 3852 li
335 3798 448 3851 tumoris
467 3798 495 3849 P
602 3795 718 3854 saeculo,
737 3813 772 3851 m.
793 3800 808 3847 1
826 3811 894 3849 corr.
913 3795 1015 3847 saeculi
1037 3794 1060 3846 0
1152 3794 1184 3846 12
1203 3794 1340 3861 lineorib;,
1357 3806 1418 3845 corr.

281 3886 411 3951 leniorih3
430 3886 457 3938 P
530 3884 563 3937 14
583 3884 735 3936 meminerit
754 3900 782 3935 sc
808 3882 874 3935 Tm
953 3900 1011 3937 csse
1030 3882 1131 3935 ouuT
1203 3874 1421 3953 reprobetur

283 3977 316 4029 16
336 3974 531 4045 adprehendet,
552 3990 584 4025 na.
606 3977 625 4025 2
644 3970 831 4042 adprehendat
852 3972 875 4023 C
892 3970 1092 4041 adpraehendit
1109 3970 1136 4023 P
1256 3972 1346 4025 turrim
1364 3964 1417 4021 edd.

317 4064 502 4117 fortitudinis*
518 4063 624 4129 (fruitus
643 4079 655 4115 s
675 4060 701 4130 ?)
724 4060 747 4114 O
795 4063 826 4115 l7
847 4060 987 4115 edificaret
1006 4062 1032 4113 in
1052 4076 1102 4113 sua
1125 4059 1150 4112 Τ
1196 4062 1228 4114 18
1249 4059 1313 4113 ϊῐάεΗ
1358 4060 1419 4123 [rus.

282 4154 402 4219 1-21.)
425 4152 545 4205 Ciidem
568 4134 645 4204 01²⁴
707 4149 897 4220 cuputauitP
981 4150 1015 4201 20
1035 4150 1058 4201 si
1077 4166 1129 4202 om.
1151 4148 1179 4201 P
1264 4148 1297 4201 ’21
1318 4142 1417 4205 rnnndoi

283 4242 334 4295 hoc
353 4240 452 4295 mundo
475 4241 500 4293 Τ
511 4242 610 4309 firm
627 4258 678 4295 seo.
702 4240 783 4308 Vnip.
