3092 4959
533 360 799 430 epistularum
830 358 906 413 CXL.
1229 365 1291 426 159

137 553 210 616 uirc
233 554 355 618 intacta
378 554 447 619 siue
470 555 531 618 iarn
555 556 662 618 mixta.
688 575 782 638 quern
806 558 911 619 autem
937 555 1036 618 filium
1066 555 1189 618 miserit
1212 555 1291 618 fieri-

140 677 203 740 que
235 678 272 722 ex
304 661 437 724 muliere
469 660 618 729 uoluerit,
653 665 790 742 quantus
823 661 878 724 ille
916 661 993 724 deus
1032 660 1084 727 sit.
1119 661 1172 741 qui
1211 661 1290 724 hanc

137 766 354 830 humilitatem
382 785 438 850 prc
466 769 569 830 salute
597 766 739 830 fidelium
768 767 928 848 suscipere
953 766 1101 848 dignatus
1124 767 1229 844 suerit,
1254 770 1291 830 ut

137 891 303 955 agnoscas,
341 892 425 937 nunc
463 873 596 938 adtende
637 874 855 957 euangelium:
899 873 938 936 lu
981 873 1167 955 principio
1210 879 1290 936 erat

101 979 294 1042 suerbum
323 983 360 1043 et
387 981 541 1044 uerbum
570 985 651 1044 erat
679 982 777 1064 apud
803 981 907 1044 deum
933 984 968 1043 et
993 981 1083 1044 deus
1108 984 1188 1044 erat
1212 1000 1288 1044 uer-

136 1086 239 1161 bum;
274 1087 343 1151 hcc
376 1091 457 1152 erat
491 1088 527 1151 iu
561 1089 747 1170 principio
781 1087 877 1170 apud
910 1088 1025 1150 deum.
1065 1087 1187 1151 omnin
1224 1106 1289 1169 per

136 1192 261 1274 ipsum
286 1193 498 1258 factasunt
522 1196 558 1257 et
582 1194 661 1257 siue
685 1195 768 1276 ipse
798 1195 938 1258 facturn
968 1198 1024 1257 est
1053 1193 1160 1270 nihil,
1190 1193 1287 1274 quod

135 1298 279 1361 iactum
303 1303 369 1364 est.
392 1300 428 1362 in
453 1301 535 1382 ipso
561 1300 642 1364 uita
664 1304 744 1363 erat
763 1304 799 1363 et
817 1300 898 1364 uita
917 1306 997 1363 erat
1015 1300 1077 1363 lux
1096 1301 1285 1364 bominum

136 1407 175 1468 et
207 1405 268 1469 lux
296 1406 331 1469 in
364 1407 531 1471 tenebris
563 1407 669 1470 lucet
702 1410 738 1470 et
770 1407 947 1470 tenebrae
981 1425 1058 1469 earn
1091 1426 1159 1470 ncn
1195 1425 1286 1471 conr-

86 1535 117 1574 ιο
134 1513 425 1592 prehenderunt.
453 1513 505 1577 hic
532 1533 606 1597 erge
636 1513 725 1590 deus,
754 1513 889 1576 uerbum
918 1513 978 1586 dei,
1008 1533 1063 1594 per
1090 1513 1175 1593 quod
1202 1513 1286 1577 facta

133 1621 212 1681 sunt
239 1619 355 1696 omnia,
383 1619 471 1683 iilius
503 1620 553 1683 dei
586 1623 637 1684 est
663 1619 967 1684 incommutabiliter·
999 1638 1138 1685 maneus.
1168 1619 1285 1700 ubique

132 1743 294 1807 praesens,
317 1725 404 1789 nullo
429 1727 557 1790 clausus
582 1729 652 1792 leco
675 1747 733 1791 nec
756 1725 913 1808 partiliter
932 1745 986 1810 per
1006 1729 1119 1788 cuncta
1138 1725 1284 1802 diffusus

130 1835 297 1912 tamquam
321 1833 473 1896 minorem
496 1837 618 1917 partem
642 1833 757 1898 habeat
780 1834 811 1896 in
836 1833 954 1897 minore
974 1835 1043 1896 loco
1064 1832 1146 1896 etin
1166 1833 1284 1896 maiore

132 1938 297 2015 maiorem,
321 1939 378 2002 sed
401 1939 519 2020 ubique
542 1944 630 2004 totus
654 1945 749 2022 atque
771 1940 818 2002 ita
842 1961 900 2004 nou
926 1941 1039 2004 absens
1060 1940 1154 2003 etiarn
1173 1941 1283 2002 inenti-

83 2071 113 2108 ιι
131 2044 194 2106 bus
217 2044 400 2125 impiorum,
424 2047 571 2127 quamuis
596 2067 669 2110 eum
693 2067 753 2110 ucn
780 2047 919 2124 uideant,
943 2047 1027 2110 sicut
1055 2065 1111 2109 uec
1139 2045 1201 2108 ista
1229 2045 1283 2108 lun

131 2149 262 2214 uidetur
285 2151 386 2215 oculis
409 2157 610 2232 praesentata
632 2171 807 2217 caecorum.
831 2155 920 2216 lucet
943 2173 1015 2236 erge
1042 2155 1074 2216 et
1095 2152 1282 2217 intenebris

131 2257 265 2330 talibus,
289 2257 399 2338 quales
423 2259 588 2341 apostolus
613 2258 780 2342 significat,
805 2258 860 2324 ubi
890 2259 982 2322 dicit:
1010 2259 1156 2322 Fuistis
1186 2260 1280 2323 euim

130 2362 336 2446 aliquande
365 2367 552 2442 tenebrae,
582 2385 678 2430 nunc
708 2370 831 2430 autem
863 2366 926 2430 lux
959 2366 995 2428 in
1030 2365 1191 2442 domium
1226 2366 1282 2428 sed

130 2490 201 2534 earn
225 2470 306 2534 tales
329 2473 476 2535 tenebrae
499 2491 560 2536 nen
585 2472 898 2553 comprehenderunt.

30 2571 50 2632 7
78 2603 110 2642 zo
176 2575 327 2658 Suscepit
352 2579 459 2660 itaque
487 2579 658 2658 hominem,
688 2600 781 2662 quem
809 2581 917 2644 uidere
952 2579 1094 2644 homines
1127 2582 1280 2660 poterant,

128 2687 168 2745 ut
195 2684 298 2747 sanati
326 2685 502 2767 perfidem
529 2693 642 2769 postea
675 2687 826 2766 uiderent,
855 2687 939 2769 qued
972 2689 1047 2750 tunc
1080 2686 1186 2749 uidere
1220 2705 1280 2750 non

128 2792 284 2870 poteraut.
308 2792 364 2855 sed
385 2811 426 2856 ue
444 2795 538 2858 bomo
559 2792 705 2858 Christus
725 2813 761 2858 eo
781 2795 862 2877 ipsc.
883 2815 944 2876 quc
965 2793 1135 2857 nisibiliter
1154 2811 1281 2874 appare-

127 2896 195 2973 bar,
218 2916 279 2960 ucn
299 2899 477 2963 crederetur
495 2902 528 2963 et
546 2899 625 2963 deus
644 2903 831 2983 tantumque
851 2901 898 2964 illi
917 2900 1108 2964 tribueretur
1128 2901 1280 2980 quantuni

128 3003 252 3068 homiui
284 3005 567 3070 excellentissimae
600 3008 720 3090 gratiae
752 3011 848 3089 atque
881 3008 1064 3088 sapientiae,
1097 3005 1167 3070 ideo
1204 3005 1281 3067 fuit

77 3111 239 3176 schemo
273 3112 413 3176 missus
446 3131 465 3174 a
497 3111 574 3192 dec,
608 3114 667 3177 cui
701 3133 831 3178 nomen
870 3117 949 3178 erat
985 3113 1181 3176 lebannes.
1219 3111 1280 3175 bic

127 3217 247 3295 uenit,
272 3221 313 3281 ut
335 3218 598 3284 testimonium
623 3220 841 3302 perhiberet
861 3220 1072 3299 delumine,
1092 3223 1134 3284 ut
1154 3237 1278 3284 omnes

127 3324 329 3389 crederent
352 3345 416 3406 per·
440 3343 530 3390 eum.
556 3346 625 3391 uon
651 3330 730 3391 erat
758 3327 827 3392 ille
856 3329 991 3404 lumen,
1017 3327 1081 3390 sed
1110 3331 1150 3392 ut
1173 3325 1279 3390 teeti·

125 3431 294 3495 monium
317 3432 538 3515 perhiberet
561 3433 604 3498 de
626 3435 776 3500 lumine.
800 3439 908 3500 tentus
938 3436 1019 3500 enirn
1050 3436 1143 3498 hcine
1169 3433 1279 3498 debuit

216 3693 234 3745 4
252 3691 312 3745 rou.
333 3694 358 3756 1,
377 3693 447 3746 1-5
504 3694 624 3765 17Eph.
644 3699 671 3762 5,
689 3697 706 3749 a
760 3697 796 3749 ιι
815 3695 872 3750 10u.
895 3697 918 3760 ι,
938 3698 1008 3750 c-a

161 3816 179 3868 2
199 3816 271 3870 hanc
288 3817 445 3873 humilitate
468 3819 492 3872 0
548 3820 579 3873 11
600 3820 713 3890 ubique]
734 3825 763 3874 et
782 3821 882 3889 ubique
905 3821 930 3874 T
984 3821 1017 3874 12
1038 3823 1237 3890 particulariter
1255 3823 1280 3876 T

160 3921 211 3975 pre
231 3905 375 3959 cuuctsO
431 3907 464 3962 13
482 3909 581 3960 minori
600 3909 661 3962 edd.
716 3910 744 3962 in
764 3925 825 3977 om„
844 3927 878 3962 m.
899 3913 918 3962 2
937 3909 1002 3962 add.
1022 3909 1048 3962 L
1102 3912 1200 3964 maiori
1216 3911 1276 3967 edd.

125 3995 161 4049 15
180 3993 346 4049 luxistaG
413 3997 446 4050 16
465 3996 591 4050 uideatur
613 3996 665 4051 OG
683 4000 710 4065 (a
729 3998 793 4062 dei.)
868 4001 896 4052 et
914 3997 1013 4052 onuG
1083 4000 1115 4052 11
1136 4001 1205 4052 enirn
1224 4017 1275 4054 cm.

125 4083 154 4136 G
173 4081 234 4136 edd.
330 4085 363 4137 21
384 4086 487 4150 scil:
507 4086 654 4152 sancti)T
747 4088 782 4141 23
802 4088 838 4156 et]
859 4088 936 4142 utO
1025 4089 1060 4141 25
1078 4088 1159 4141 hcmc
1179 4089 1276 4142 cnaO

123 4169 161 4224 26
179 4171 257 4223 uenit
275 4171 302 4224 iu
322 4173 510 4226 testimouium
529 4178 561 4226 ut
578 4176 766 4228 testiinonium
790 4175 815 4228 G
834 4176 893 4229 edd.
913 4195 963 4231 ecc.
982 4194 1053 4232 sacr,
1073 4178 1125 4231 lire.
1175 4179 1208 4230 27
1228 4195 1276 4248 per

122 4258 203 4311 illum
222 4258 284 4314 edd.
302 4275 353 4314 sec.
377 4259 456 4329 Vulp.
530 4261 573 4315 lux
595 4262 621 4316 G
639 4279 689 4316 sec.
714 4263 793 4332 Vulq.
