3092 4959
529 222 796 291 epistularum
825 224 943 281 CXXVI.
1268 233 1308 293 15

156 417 263 481 cinam
282 416 313 479 in
335 420 483 499 quantam
500 418 580 482 libet
598 438 718 483 moram
738 419 890 501 temporis
906 419 1097 485 differamus.
1118 421 1196 487 deus
1215 423 1309 487 testis

157 525 211 587 est
232 522 328 587 istam
354 542 476 587 omnem
501 544 605 588 rerum
630 525 919 591 ecclesiasticarum
947 528 1210 609 procurationem,
1236 550 1310 612 qua-

155 650 230 694 rum
264 629 423 694 credimur
455 650 558 695 amare
592 631 799 710 dominatum,
826 636 955 717 propter
987 635 1186 711 seruitutem,
1215 656 1310 717 quarn

158 737 260 801 debeo
286 738 410 803 caritati
434 738 565 801 fratrum
592 742 623 803 et
646 740 752 804 timori
777 739 839 818 dei,
863 741 996 805 tolerare
1020 762 1081 820 me,
1105 761 1166 806 non
1195 762 1310 812 amare.

119 847 207 909 sita
229 847 267 908 ut
291 864 336 919 ea,
357 843 383 907 si
408 846 497 909 saluo
523 844 783 929 officiopossim,
804 866 909 910 carere
933 847 1119 912 desiderem.
1144 868 1200 912 nec
1224 848 1309 913 aliud

157 970 212 1015 me
236 951 275 1015 de
297 951 393 1015 fratre
416 970 486 1017 meo
509 952 625 1035 Alypio
651 954 766 1018 sentire
790 954 859 1036 ipse
887 954 965 1017 deus
993 954 1086 1019 tostis
1115 959 1174 1019 est.
1206 959 1311 1019 tamen

159 1063 193 1123 et
215 1059 253 1122 do
271 1058 326 1122 illo
347 1058 439 1122 aliter
457 1059 620 1123 sentiendo
639 1060 778 1140 populus
798 1064 840 1135 et,
860 1060 942 1140 quod
963 1065 1013 1124 est
1030 1062 1171 1145 grauius,
1191 1062 1312 1145 Hippo·

158 1164 282 1229 niensis
306 1164 337 1228 in
361 1167 466 1229 tantas
490 1168 539 1229 est
562 1164 649 1229 illius
679 1166 907 1249 praecipitatus
934 1166 1066 1231 iniurias
1095 1172 1126 1230 et
1156 1166 1193 1231 de
1221 1166 1312 1230 nobis

158 1290 221 1335 nos
246 1271 347 1335 sancti
366 1271 417 1335 dei
441 1275 473 1336 et
490 1270 575 1355 pleni
600 1270 778 1337 uisceribus
802 1272 1038 1337 misericordiae
1056 1273 1133 1336 talia
1157 1273 1312 1337 credendo

105 1378 289 1442 nonomine
313 1378 455 1443 eiusdem
480 1378 600 1462 populi,
625 1378 679 1461 qui
703 1378 742 1442 ad
766 1398 894 1442 cansam
919 1378 1053 1443 huiusce
1077 1380 1164 1445 modi
1192 1379 1313 1461 cupidi-

158 1486 239 1549 tatis
264 1484 390 1550 omnino
415 1505 476 1550 non
500 1486 647 1567 pertinet,
672 1505 729 1550 nos
753 1489 883 1569 tangere
908 1471 1003 1567 atque
1027 1486 1194 1549 admonere
1223 1486 1313 1550 uolu-

158 1591 235 1656 istis
261 1592 371 1673 utique
395 1592 434 1656 ad
457 1611 515 1658 nos
540 1593 753 1676 corrigendos,
778 1612 878 1675 neque
903 1594 985 1656 enim
1010 1593 1094 1664 odio,
1118 1592 1202 1674 quod
1230 1591 1313 1657 absit

159 1720 180 1762 a
205 1697 309 1761 uobis.
333 1697 415 1762 unde
444 1717 503 1762 non
532 1698 626 1762 irasci
655 1697 710 1763 sed
740 1700 858 1782 gratias
887 1718 979 1782 agere
1008 1699 1118 1775 dobeo,
1144 1698 1228 1781 quod
1256 1718 1314 1763 nec

158 1803 374 1869 uerecundius
394 1824 450 1869 nec
468 1804 601 1868 liberius
622 1824 713 1887 agere
732 1806 894 1887 potuistis,
915 1810 951 1869 ut
969 1806 1117 1888 episcopo
1137 1824 1196 1870 non
1222 1806 1311 1887 quasi

107 1934 139 1971 ιε
160 1911 345 1975 conuiciosa
374 1911 551 1989 obiceretis,
580 1912 664 1994 quod
692 1913 888 1987 sentiebatis,
918 1911 973 1976 sed
1002 1932 1037 1975 er
1066 1912 1194 1995 obliquo
1222 1912 1313 1976 intel-

157 2010 331 2101 lege‘ndum
354 2018 585 2100 relinqueretis.

51 2122 104 2185 lo
209 2124 277 2188 Noc
301 2124 472 2189 molestum
496 2126 539 2189 sit
563 2125 665 2200 uobis,
686 2133 721 2189 ut
740 2144 798 2189 uos
823 2126 914 2189 uelut
933 2129 1082 2209 grauatos
1106 2124 1310 2201 arbitremini,

162 2231 240 2314 quia
263 2231 428 2295 iurandum
453 2232 575 2313 putaui.
600 2250 702 2313 neque
723 2233 807 2296 enim
826 2233 979 2315 grauabat
998 2231 1163 2315 apostolus
1184 2234 1240 2294 aut
1258 2250 1311 2295 eos

160 2357 277 2421 parum
300 2338 463 2421 diligebat,
487 2340 603 2421 quibus
628 2338 764 2403 dicebat:
788 2339 871 2404 Non
900 2340 938 2403 in
967 2358 1149 2403 sermone
1179 2336 1311 2402 adula-

107 2471 142 2509 20
162 2444 295 2510 tionis
324 2445 475 2511 fuimus
504 2446 607 2529 apud
634 2465 706 2511 uos
736 2466 862 2529 neque
891 2446 928 2509 in
958 2448 1174 2511 occasione
1208 2447 1312 2529 cupi·

163 2552 332 2625 ditatis;
363 2551 460 2617 deris
489 2552 613 2617 testis
644 2556 715 2617 est.
745 2553 788 2616 rei
813 2553 930 2635 quippe
954 2557 1079 2633 apertae
1102 2552 1190 2633 ipsos
1213 2554 1312 2615 testes

162 2658 323 2735 adhibuit,
346 2660 389 2723 rei
423 2664 528 2723 autem
563 2659 705 2724 occultae
740 2678 834 2741 quem
866 2660 927 2723 nisi
959 2658 1075 2722 deum?
1109 2658 1136 2721 si
1161 2676 1234 2740 ergo
1257 2657 1312 2720 ille

162 2765 279 2829 merito
304 2768 353 2829 est
375 2765 509 2843 ueritus,
534 2787 570 2829 na
594 2767 732 2830 humana
759 2766 937 2849 ignorantia
966 2765 1003 2829 de
1027 2765 1081 2829 illo
1107 2764 1226 2847 aliquid
1250 2765 1312 2828 tale

162 2871 308 2948 sentiret,
329 2873 419 2936 cuius
438 2872 528 2937 labor
540 2874 572 2937 in
587 2878 734 2955 promptu
751 2872 898 2936 omnibus
914 2877 990 2949 erat,
1006 2872 1090 2954 quod
1108 2872 1169 2935 nisi
1188 2889 1313 2934 summa

106 3001 141 3044 25
162 2978 357 3044 necessitate
381 2998 398 3043 a
422 2979 560 3061 populis,
589 2980 703 3061 quibus
733 2978 853 3043 Christ-i
880 2978 1015 3063 gratiam
1043 2978 1256 3061 dispensabat,
1279 2978 1311 3040 in

160 3105 245 3150 usus
270 3103 344 3149 suos
368 3086 490 3168 aliquid
512 3104 573 3150 non
598 3086 753 3161 sumebat,
779 3088 882 3149 cetera
906 3104 980 3149 uero
1005 3104 1062 3149 suo
1086 3084 1189 3149 uictui
1207 3103 1313 3147 neces-

161 3192 249 3257 saria
268 3192 335 3256 suis
353 3191 501 3257 manibus
519 3191 723 3275 transigebat.
740 3195 856 3273 quanto
876 3192 978 3274 magis
997 3190 1088 3255 nobis
1107 3188 1311 3254 laborandum

161 3299 289 3371 estut
321 3296 475 3374 credatur,
501 3297 555 3379 qui
588 3300 620 3360 et
651 3296 765 3361 merito
800 3296 978 3361 sanctitatis
1007 3298 1039 3359 et
1065 3296 1185 3359 uirtute
1217 3294 1313 3358 animi

259 3488 291 3542 19
310 3486 324 3540 Ι
342 3486 434 3541 Thess.
454 3487 479 3554 2,
499 3490 514 3541 5

204 3594 216 3647 l
239 3590 409 3662 quantalibet
426 3609 502 3645 mora
525 3591 549 3645 U
616 3593 633 3645 2
653 3591 897 3663 ecclesiasticamm
915 3592 946 3644 in
963 3608 1019 3645 rae.
1039 3606 1074 3645 m.
1094 3592 1155 3646 112
1227 3592 1244 3644 3
1262 3591 1311 3644 ha·

159 3686 230 3737 bere
250 3681 284 3735 H
356 3684 372 3736 5
391 3698 510 3751 possum,
530 3697 564 3737 m.
584 3686 600 3734 1
618 3698 686 3735 coam
706 3681 808 3751 possim
831 3680 858 3733 U
874 3682 983 3751 passim,
1001 3682 1066 3733 stilo
1086 3686 1225 3734 carimate
1244 3696 1312 3734 corr,

160 3768 317 3843 possimT
375 3772 472 3824 ·6me
492 3787 543 3823 orn.
567 3768 650 3823 TVU
733 3768 1033 3848 7Hipponeusisedd.
1116 3770 1149 3821 15
1168 3768 1266 3821 uitione
1290 3768 1315 3820 Γ

163 3864 201 3915 16
220 3860 400 3929 reliqueretir,
418 3861 483 3914 etilo
501 3865 639 3913 occaecato
659 3876 728 3913 corr.
751 3858 921 3927 reliqueretis
945 3858 969 3910 Τ
1077 3859 1108 3910 17
1134 3858 1194 3927 uos]
1217 3874 1266 3910 nos
1289 3857 1315 3910 U

159 3950 202 4005 20
227 3947 300 4019 apud
325 3946 382 4018 nos]
408 3948 478 4017 apud
501 3964 551 4001 uos
574 3948 646 4001 sicut
669 3948 745 4001 scitis
769 3947 830 4003 edd.
854 3963 904 4001 aec.
924 3964 996 3999 sacr.
1017 3948 1069 3999 lili.
1192 3962 1241 3998 noe
1260 3944 1313 3999 edd

160 4040 201 4094 24
221 4036 347 4091 omnibus
366 4036 394 4089 in
417 4040 542 4106 promptu
562 4036 621 4089 cdd.
731 4024 785 4089 db·
811 4040 868 4090 erat
891 4036 922 4088 in
944 4052 1001 4092 roo.
1024 4054 1059 4089 ra.
1083 4038 1098 4088 1
1121 4036 1188 4102 (ficit
1211 4038 1263 4101 est)
1286 4034 1313 4088 R

159 4130 200 4183 25
220 4126 339 4196 gratiam
359 4125 452 4179 christi
474 4126 499 4178 Τ
517 4124 576 4178 edd.
