3092 4959
267 397 333 461 350
623 392 652 448 S.
679 391 818 446 Aureli
846 390 1066 460 Augustini

222 585 242 648 3
312 587 396 668 Quia
413 605 491 671 ergo
508 590 597 664 tunc,
616 584 702 650 sicut
715 585 841 667 scripsi,
860 603 922 649 uon
937 587 1101 668 potueram
1121 585 1279 668 inspicere
1298 585 1419 652 codices

267 693 407 761 Graecos
428 695 559 776 propter
581 691 737 775 quaedam
760 691 878 774 psalmi
901 691 982 756 sexti
1006 691 1131 770 decimi,
1155 691 1276 775 inspexi
1301 697 1419 776 postea,

267 820 347 885 quos
370 800 486 865 inueni.
511 802 543 864 et
565 817 649 864 unus
668 798 815 876 habebat,
836 797 922 880 quod
941 802 974 862 et
992 798 1097 862 Latini
1115 799 1231 864 nostri:
1256 799 1419 870 Domino.

264 908 427 992 perdens
447 907 492 970 de
510 909 613 972 terra
630 905 835 988 dispertire
859 923 937 981 0083
963 905 1055 982 alius,
1076 904 1250 990 sicutipse
1269 906 1419 989 posuisti:

264 1013 449 1098 Apaucis
473 1013 516 1079 de
539 1016 649 1079 terra.
678 1014 713 1077 et
733 1012 815 1077 illud
838 1012 968 1094 quidem
991 1016 1137 1096 spartum
1160 1013 1259 1078 habet
1282 1033 1420 1089 sensum,
1446 1029 1457 1070 ⁵

264 1120 426 1206 perdens
459 1121 503 1186 de
534 1125 645 1198 terra,
679 1139 776 1202 quam
810 1119 856 1185 eis
889 1118 1017 1196 dedisti,
1053 1119 1263 1201 dispertire
1297 1139 1361 1185 eos
1391 1121 1419 1184 iu

266 1228 427 1314 gentibus,
452 1227 537 1310 quod
561 1226 737 1292 etinctum
761 1230 813 1292 est
836 1225 894 1303 eis,
923 1244 995 1290 oum
1021 1226 1111 1309 graui
1138 1225 1224 1290 bello
1253 1225 1420 1310 expugnati

265 1337 361 1416 atque
385 1333 532 1398 subuersi
556 1336 641 1398 suut
663 1332 746 1397 illud
769 1336 877 1398 autem
902 1333 1037 1398 alterum
1062 1331 1245 1414 quomodo
1269 1332 1421 1414 accipien-

265 1441 341 1506 dum
361 1441 415 1516 sit,
438 1459 500 1506 non
519 1441 600 1505 mihi
623 1440 770 1521 occurrit,
793 1439 856 1504 uisi
880 1439 956 1522 quia
973 1440 1004 1504 in
1024 1439 1260 1523 comparatione
1282 1439 1420 1523 perditae

264 1546 484 1612 multitudinis
516 1565 625 1612 eorum
665 1545 820 1628 reliquiae
860 1546 970 1611 selune
1002 1547 1104 1612 luctae
1138 1550 1214 1612 sunt
1246 1547 1361 1629 utique
1391 1545 1419 1608 in
1436 1563 1457 1602 s

264 1654 386 1739 paucis,
411 1671 429 1716 a
452 1653 569 1736 quibus
597 1672 652 1718 eos
679 1653 923 1736 dispertiendos,
952 1653 1014 1718 hoc
1038 1655 1088 1717 est
1114 1652 1306 1718 diuidendos
1331 1655 1420 1734 atque

265 1761 458 1843 separandos
477 1758 637 1842 scripture
653 1759 893 1842 praenuntieuit
911 1759 1034 1826 dicens:
1054 1759 1222 1838 Domine,
1242 1780 1263 1825 u
1281 1761 1419 1842 paucis,

264 1867 300 1932 id
322 1869 374 1932 est
397 1884 415 1929 a
437 1866 599 1948 reliquiis,
623 1885 703 1949 quas
727 1885 765 1930 ex
787 1865 845 1930 illa
868 1869 963 1950 gente
986 1867 1093 1931 saluas
1117 1865 1234 1944 iecisti,
1260 1866 1304 1930 de
1327 1870 1419 1932 terre

265 1973 472 2057 dispertire
501 1991 575 2050 eos,
607 1974 645 2036 ut
671 1975 788 2036 terram
816 1972 1041 2056 intellegamus
1070 1971 1240 2038 ecclesium
1268 1973 1420 2038 heredite-

262 2085 393 2162 tcmqne
416 2079 560 2143 fidelium
583 2083 680 2162 atque
705 2081 895 2158 sanctornm,
919 2097 999 2160 quae
1022 2078 1140 2144 dicitur
1160 2083 1193 2144 et
1210 2083 1295 2146 terra
1315 2080 1419 2144 uiucn·
1433 2097 1454 2138 u

264 2187 346 2250 tium
379 2189 412 2250 et
440 2205 522 2268 quae
554 2185 611 2250 illo
644 2185 742 2249 etiam
769 2185 841 2250 loco
869 2188 954 2250 recte
982 2185 1127 2270 intellegi
1160 2189 1283 2267 potest:
1318 2185 1417 2252 Beati

265 2294 390 2370 mites,
424 2293 599 2374 quoniam
633 2292 710 2373 ipsi
742 2290 956 2355 hereditate
989 2277 1244 2375 possidebunt
1276 2296 1416 2358 terrum.

266 2418 339 2463 oum
368 2402 476 2463 eutem
505 2399 627 2462 dictum
656 2402 755 2462 esset:
780 2397 809 2461 A
832 2397 965 2480 paucis
995 2397 1162 2462 deterre
1190 2397 1322 2462 diuide
1350 2415 1416 2470 eoo,

264 2505 410 2569 additum
430 2509 481 2569 est
503 2505 550 2568 ‘in
575 2504 657 2568 uite
675 2509 823 2579 eorum,
842 2506 881 2568 ut
897 2503 930 2568 in
948 2504 1118 2568 manifesto
1137 2504 1283 2570 futurum
1303 2502 1416 2568 intelle·

266 2617 404 2696 geretur,
433 2611 509 2676 dum
537 2611 590 2675 bio
613 2610 741 2675 uiuunt.
768 2611 956 2692 separentur
979 2611 1062 2674 enim
1091 2611 1186 2676 multi
1210 2611 1250 2674 ab
1279 2610 1451 2684 ecelesias

265 2719 323 2784 sed
342 2737 414 2783 oum
435 2717 624 2794 moriuntur,
649 2718 704 2799 qui
723 2721 830 2781 tamen
852 2735 924 2781 curn
945 2717 1071 2795 uiuunt,
1096 2737 1152 2800 per
1170 2718 1413 2783 communionem

265 2828 536 2890 sacramentorum
552 2823 752 2905 unitatisque
762 2823 939 2888 catholicae
949 2823 1263 2889 uidentureoolesiae
1273 2823 1413 2906 copulati.

265 2933 322 2996 isti
354 2949 429 3014 ergo
462 2930 559 2994 diuisi
591 2934 667 2994 sunt
694 2949 712 2994 a
739 2931 861 3012 paucis,
896 2931 950 3011 qui
984 2949 1020 2994 er
1051 2929 1117 2996 illis
1151 2931 1359 3006 erediderunt,
1380 2928 1412 2992 de

266 3045 358 3116 terra,
389 3057 485 3120 quam
513 3037 599 3102 sicut
626 3055 737 3121 agrum
767 3055 863 3102 suum
888 3038 1003 3102 excolit
1032 3041 1122 3121 pater
1149 3037 1300 3121 agricola,
1327 3033 1411 3100 diuisi

267 3148 373 3209 autem
402 3145 435 3208 in
463 3144 532 3208 uita
560 3163 628 3221 sua,
655 3142 689 3208 id
718 3148 769 3208 est
795 3143 848 3207 hic
876 3143 907 3207 in
937 3145 1116 3222 manifesto,
1149 3143 1235 3208 sicut
1266 3143 1446 3208 uidemuso

267 3253 413 3333 sequitur
440 3255 561 3316 autem:
590 3251 635 3315 Et
663 3250 706 3315 de
735 3251 972 3316 absconditis
1001 3250 1079 3315 tuis
1110 3250 1339 3334 adimpletus
1361 3254 1410 3314 est

357 3463 387 3524 3;
409 3461 442 3514 18
460 3460 505 3515 Ps.
526 3460 568 3523 16,
589 3459 623 3513 14
680 3458 1193 3528 15Ps.26,13;51,7;141‚6sl.
1265 3459 1298 3516 16
1317 3455 1407 3514 Metti.

268 3551 330 3617 5,4
384 3549 484 3606 uoPs.
506 3550 603 3616 16,14

306 3674 435 3744 lqniA
525 3674 665 3744 sicut]sic
687 3673 714 3726 G
803 3671 983 3742 poteramM
1071 3670 1411 3727 axvlmirsxvlae

269 3764 368 3817 decimi
386 3764 457 3817 sexti
476 3769 536 3817 cett.
554 3763 615 3817 cdd.
662 3762 742 3831 5de]
763 3779 779 3815 a
799 3761 832 3815 H
902 3761 977 3817 aliud
996 3761 1023 3816 A
1069 3763 1143 3816 leis
1163 3765 1206 3816 est
1223 3762 1286 3820 edo.
1331 3759 1411 3815 8sint

267 3853 360 3906 ΗΜΛ
381 3871 400 3905 a
483 3854 516 3907 lo
534 3853 624 3906 luctae
643 3868 703 3920 om.‚
722 3869 757 3904 m.
778 3856 793 3904 1
814 3853 844 3906 in
862 3869 949 3921 marg.
970 3852 1035 3905 add.
1061 3850 1087 3904 V
1167 3851 1198 3905 11
1220 3855 1303 3921 atque
1320 3845 1410 3905 om.G

271 3943 303 3994 12
322 3939 487 4011 repetendos
506 3941 534 3993 A
546 3946 614 4008 post
632 3939 799 4010 separandos
817 3957 852 3994 m.
866 3943 993 4009 sortueac
1010 3944 1026 3993 1
1047 3939 1113 3994 add.
1133 3945 1173 3994 est
1191 3957 1216 4009 q,
1234 3939 1261 3994 G
1315 3937 1410 3992 domiue

269 4031 397 4099 apaucie
416 4046 477 4096 ona,
496 4028 697 4083 m.2odd.K
732 4029 766 4083 15
787 4031 884 4085 elom.
905 4028 998 4082 Hm
1017 4029 1077 4083 edd.
1094 4033 1249 4097 praedm
1287 4029 1319 4082 16
1337 4027 1408 4080 cum

267 4119 316 4173 illo
336 4117 397 4172 edd.
453 4119 486 4171 17
506 4118 687 4172 hereditatem
707 4117 734 4171 G
753 4122 791 4183 (m
811 4117 874 4186 del.)
893 4117 927 4170 K
980 4119 1013 4171 19
1032 4117 1184 4172 futurorum
1203 4117 1238 4170 Η
1289 4117 1323 4171 20
1341 4127 1409 4183 sepu-

268 4213 364 4261 rcntnr
387 4207 413 4259 V
457 4207 491 4260 21
513 4209 560 4276 qui
579 4223 630 4261 oen.
650 4210 676 4260 A
731 4210 961 4261 sacramentorum
982 4207 1198 4261 communionem
1217 4206 1279 4260 edd.
1322 4205 1355 4257 22
1371 4217 1408 4255 ec·

270 4297 354 4350 clesis
371 4295 404 4349 Η
457 4297 491 4350 25
511 4297 539 4349 in
559 4297 618 4349 uita
636 4313 685 4350 sna
704 4313 764 4362 om,
784 4313 818 4349 m.
839 4299 859 4349 2
878 4297 944 4350 add.
963 4295 997 4348 K
