3092 4959
371 454 635 523 epistularum
664 452 820 509 CLXXVII.
850 456 1020 511 CLXXVIII.
1208 463 1273 526 689

596 650 797 715 CLXXVIII.

116 786 264 842 DOMINO
293 788 512 843 BRATISSIMO
538 789 583 843 ET
606 790 648 844 IN
670 790 818 847 CHRISTI
840 790 1021 847 raumara
1045 792 1271 849 VENERANDO

113 876 251 931 FRATRI
269 877 314 931 ΕΤ
333 878 618 934 CONSACRRDOTI
635 878 788 933 HILARIO
809 878 1041 936 AUGUSTINUS
1065 882 1105 936 IN
1124 882 1272 937 DOMINO

610 968 788 1022 SALUTEM.

27 1084 42 1145 l
81 1116 94 1155 s
162 1094 366 1159 Honorabilis
403 1095 488 1160 tilius
521 1100 630 1161 noster
662 1096 826 1160 Palladius
860 1116 932 1161 cnm
967 1098 1004 1161 de
1038 1104 1146 1163 nostro
1179 1099 1272 1163 litore

114 1201 294 1286 nauigaret,
327 1201 518 1266 beneficium
551 1202 711 1285 poscendo
746 1202 849 1287 magis
879 1204 976 1279 dsdIt,
1011 1209 1048 1269 nt
1076 1226 1135 1270 non
1167 1205 1271 1270 solnm

116 1328 192 1373 enm
210 1307 402 1391 benignitati
427 1309 501 1371 tuae
525 1326 637 1373 uerum
662 1308 759 1373 etiam
782 1328 833 1373 me
856 1308 964 1391 ipsum
987 1310 1053 1375 tuis
1078 1311 1273 1376 orationibus

115 1414 384 1490 commendarem,
408 1413 534 1478 domine
559 1414 745 1479 beatissimo
769 1419 802 1479 et
824 1416 856 1479 in
882 1414 1001 1481 Christi
1026 1418 1157 1481 caritate
1182 1437 1274 1481 nene-

114 1520 214 1585 rande
232 1521 338 1584 frater.
365 1520 449 1603 quod
473 1540 546 1586 cum
570 1522 662 1598 facio,
687 1520 829 1603 profecto
855 1526 887 1585 ot
912 1524 1063 1587 sanctitas
1086 1526 1143 1589 tna
1167 1524 1273 1601 faciet,

70 1650 96 1687 ro
116 1626 206 1711 quod
234 1627 272 1691 do
300 1631 332 1691 to
360 1628 453 1693 ambo
482 1630 727 1710 praesumimus.
757 1648 837 1710 qnae
866 1632 973 1693 autem
1001 1630 1083 1694 circa
1111 1649 1168 1693 nos
1198 1631 1272 1707 sint,

117 1734 269 1816 qnoniam
289 1734 355 1798 scio
380 1733 585 1799 dilectionem
603 1738 745 1799 nestram
769 1754 826 1818 pro
851 1736 943 1800 nobis
968 1738 1054 1801 sicut
1078 1740 1109 1800 et
1132 1740 1272 1801 nostram

116 1859 174 1925 pro
197 1841 289 1904 uobis
310 1860 381 1905 esse
401 1840 584 1914 sollicitam,
609 1861 628 1904 a
651 1841 826 1906 memorato
846 1842 1002 1924 perlatore
1027 1842 1136 1907 audiet
1160 1844 1273 1907 sancti-

116 1951 169 2012 tas
188 1950 254 2011 tua.
279 1966 389 2011 nerum
410 1952 527 2023 tamen,
553 1948 639 2030 quod
657 1949 792 2012 maximo
811 1949 1027 2013 necessarium
1051 1952 1111 2027 est,
1134 1951 1275 2014 breuiter

117 2056 235 2119 dicam.
263 2074 348 2119 nona
376 2054 531 2136 quaedam
555 2055 696 2119 haeresis
719 2056 851 2119 inimica
874 2056 995 2137 gratiae
1020 2054 1139 2121 Christi
1164 2060 1274 2121 contra

68 2182 95 2222 ιε
118 2161 291 2225 ecclesiam
320 2160 439 2227 Christi
472 2164 606 2226 conatur
638 2180 816 2245 exsurgere,
850 2162 906 2225 sed
940 2162 1079 2227 nondum
1109 2163 1273 2228 euidenter

117 2268 159 2331 ab
179 2268 315 2333 ecclesia
334 2271 480 2349 separata
498 2271 558 2343 est,
582 2268 748 2332 hominum
767 2268 902 2347 scilicet,
928 2268 981 2351 qui
1006 2272 1131 2333 tantum
1154 2270 1274 2334 audent

115 2375 297 2439 infirmitati
324 2376 480 2439 hnmanae
508 2376 647 2439 tribuere
675 2376 858 2457 potestatis,
884 2379 922 2439 ut
946 2376 1005 2442 hoc
1030 2370 1134 2439 solnm
1160 2377 1199 2440 ad
1223 2376 1273 2440 dei

118 2484 255 2566 gratiam
274 2482 429 2564 pertinere
450 2482 651 2558 contendant,
676 2482 761 2565 quod
785 2501 857 2546 oum
880 2482 981 2547 libero
1002 2483 1131 2546 arbitrio
1157 2488 1189 2545 ot
1211 2502 1273 2547 non

116 2588 271 2671 peccandi
304 2588 520 2672 possibilitate
552 2588 650 2652 creati
678 2607 791 2652 sumus
821 2592 852 2652 et
880 2589 930 2653 dei
959 2588 1118 2667 mandata,
1148 2608 1227 2671 quae
1257 2609 1274 2653 a

69 2696 211 2760 zonobis
244 2695 461 2777 implerentur,
500 2696 695 2777 accepimns3
735 2699 876 2759 ceterum
911 2696 949 2759 ad
984 2696 1092 2761 eadem
1125 2697 1273 2761 mandata

116 2802 275 2867 seruanda
290 2806 321 2866 et
338 2802 499 2885 implenda
517 2801 604 2867 nullo
625 2802 733 2866 diuino
753 2802 910 2875 adiutorio
931 2821 988 2866 nos
1008 2822 1109 2885 egere.
1129 2822 1272 2867 necessa-

114 2911 198 2974 riam
227 2928 302 2973 nero
325 2909 417 2972 nobis
442 2928 512 2973 esse
535 2909 754 2973 remissionem
780 2914 994 2990 peccatorum,
1024 2910 1098 2990 quia
1121 2928 1167 2987 ea,
1193 2930 1272 2991 quae

116 3036 136 3080 a
168 3016 261 3079 nobis
288 3016 319 3078 in
354 3017 560 3097 praeteritum
590 3016 672 3079 male
701 3017 786 3079 facta
815 3018 900 3091 sunt,
933 3017 1052 3080 infecta
1081 3016 1183 3081 Iacere
1212 3036 1272 3080 non

115 3122 275 3186 ualemus.
304 3122 454 3185 cauendis
484 3126 591 3186 antem
614 3122 730 3185 intorte
756 3121 984 3203 uincendisque
1008 3121 1149 3203 peccatis
1175 3123 1272 3186 omni-

334 3368 364 3419 P
390 3393 422 3411 =
443 3366 501 3420 cod.
521 3368 673 3419 Parisinus
691 3370 791 3420 12220
808 3384 829 3419 a.
850 3368 886 3421 X.

335 3456 374 3509 Ρι
388 3481 422 3501 -.
442 3457 501 3511 cod.
522 3458 672 3510 Parisinus
690 3473 755 3509 aaa.
778 3473 836 3523 aeq.
859 3460 933 3509 1444
952 3474 973 3509 a.
995 3457 1049 3511 XI.

340 3545 365 3598 Τ
389 3570 423 3591 =
444 3546 502 3598 cod.
527 3546 668 3599 Trecenaia
688 3550 728 3598 40
745 3562 767 3598 s.
789 3546 881 3598 XIII.

336 3634 369 3686 H
391 3659 423 3678 =
443 3634 502 3687 cod.
522 3634 598 3686 Mus.
618 3634 692 3687 Brit.
712 3633 800 3689 Harl.
819 3638 896 3686 3107
914 3650 935 3685 o.
957 3634 1047 3685 XIII.

334 3722 362 3777 R
389 3747 421 3768 =
442 3722 501 3776 cod.
526 3724 681 3776 Vaticanus
702 3727 761 3775 494
780 3740 801 3776 s.
821 3724 909 3775 XIII
926 3740 966 3777 cro.

152 3916 307 3968 lsalutem
326 3931 377 3968 om.
397 3916 425 3968 P
505 3915 641 3977 blittere,
661 3932 730 3969 corr.
750 3917 832 3968 litore
851 3916 879 3968 P
962 3916 1056 3969 ticon.
1077 3930 1147 3968 corr.
1168 3932 1226 3966 cum
1250 3914 1276 3964 P

154 4003 525 4072 laciettnaoipm'acorr..'l'
562 4004 593 4056 11
610 4002 858 4057 dilectationemP
912 4004 1012 4065 etnia,
1029 4019 1097 4057 corr.
1115 4006 1233 4055 etnInm
1249 4002 1276 4054 P

118 4094 154 4147 12
173 4092 256 4145 scitas
279 4092 462 4146 I'sinceritas
480 4091 544 4144 PP¹
596 4094 629 4146 13
648 4092 829 4146 necessarium
849 4093 945 4155 (arium
964 4092 996 4143 ia
1014 4094 1082 4158 ras.)
1101 4090 1128 4143 P
1180 4092 1211 4143 17
1231 4090 1274 4142 in-

116 4182 258 4235 firmitatis
276 4183 304 4234 P
373 4183 506 4251 potestati
525 4182 553 4235 P
608 4182 640 4235 18
660 4181 773 4234 arbitrio
793 4182 824 4233 ta
844 4198 899 4234 ras.
919 4182 946 4233 P
994 4182 1029 4235 20
1049 4180 1195 4248 accipimus
1210 4179 1274 4231 PP²

116 4275 165 4339 (m.
185 4274 200 4322 1
219 4286 287 4323 corr.
308 4272 471 4339 accepimus)
535 4272 567 4324 21
589 4271 736 4340 implendo,
757 4287 827 4324 corr.
847 4270 986 4339 implenda
1006 4272 1032 4323 P
1095 4268 1227 4322 arnobio
1251 4268 1276 4321 T

117 4360 154 4414 23
174 4361 269 4422 latere,
288 4375 356 4413 corr.
376 4359 457 4413 latori
476 4361 504 4412 P
556 4361 591 4413 24
611 4358 749 4426 canendis]
770 4360 803 4411 de
824 4357 952 4411 canendis
972 4359 999 4411 P

147 4484 346 4532 xxxxnrratg.
357 4488 411 4523 socr.
422 4484 443 4521 11
453 4494 506 4535 pm
516 4480 536 4522 a.
1203 4466 1239 4517 44
