3092 4959
268 405 310 468 36
625 402 650 455 S,
679 399 818 453 Aureli
845 400 1063 470 Augustini

268 592 449 657 testimonia
472 595 685 675 reppererunt,
707 592 822 675 quibus
844 591 1003 673 promissa
1026 594 1076 656 est
1098 593 1233 657 ecclesia
1251 593 1357 659 futura
1377 594 1416 659 in

269 698 416 764 omnibus
440 698 588 783 gentibus
609 701 641 761 et
667 699 735 763 toto
765 698 839 763 orbe
867 700 1031 773 terrarum,
1060 696 1145 761 sicut
1168 717 1238 764 eam
1264 699 1351 764 reddi
1380 704 1415 765 et

269 806 458 889 praesentari
484 806 626 895 coepisse
649 806 682 869 in
706 805 873 889 euangelio
897 804 978 869 etin
1003 804 1150 888 epistulis
1175 808 1358 890 apostolicis
1381 812 1416 871 et

269 914 299 979 in
324 914 449 977 actibus
473 913 689 996 apostolorum
713 912 873 986 uidemus,
893 912 948 975 ubi
972 914 1004 976 et
1027 912 1098 993 ipsa
1119 914 1189 978 loca
1212 918 1245 977 et
1267 914 1415 979 ciuitates

270 1025 303 1083 et
320 1019 500 1102 prouinciae
514 1020 673 1103 leguntur,
688 1038 744 1101 per
763 1037 841 1101 quas
857 1019 959 1082 creuit
975 1018 1131 1101 incipiens
1150 1020 1189 1084 ab
1204 1021 1415 1099 Hierusalem,
1448 1046 1464 1084 a

269 1129 307 1190 nt
324 1126 397 1191 iude
417 1146 450 1192 se
470 1126 565 1191 etiam
584 1126 615 1190 iu
633 1125 772 1190 Africam
787 1146 847 1190 non
862 1124 1026 1208 migrando
1043 1125 1100 1190 sed
1119 1128 1288 1193 crescendo
1304 1128 1417 1191 diffun-

271 1234 369 1316 deret,
393 1252 453 1298 non
482 1237 587 1297 autem
615 1232 804 1297 inuenerunt
832 1232 961 1314 aliquod
987 1232 1208 1297 testimoninm
1237 1234 1413 1299 diuinorum

271 1342 479 1424 eloquiorum,
497 1340 554 1404 ubi
577 1339 697 1405 dictum
722 1344 771 1403 est
794 1357 864 1403 eam
887 1338 1059 1421 perituram
1082 1339 1120 1403 de
1139 1340 1252 1405 ceteris
1271 1342 1416 1424 partibus

270 1448 381 1512 mundi
405 1451 437 1511 et
459 1448 490 1511 in
515 1445 582 1512 sola
605 1446 713 1510 Africa
736 1446 852 1511 Donati
874 1449 963 1528 parte
990 1465 1169 1511 mansuram
1199 1451 1231 1511 et
1257 1446 1416 1521 uiderunt,

271 1575 364 1638 quam
394 1555 437 1619 sit
464 1554 636 1619 absurdum
665 1573 721 1635 pro
750 1554 814 1630 illa,
839 1572 919 1636 quse
948 1553 1467 1635 lueratperitrrra,tottesti·1o

271 1662 376 1727 monia
399 1661 506 1725 diuina
527 1662 662 1739 recitari,
685 1680 741 1745 pro
771 1680 807 1724 ea
835 1680 921 1737 uero,
945 1680 1035 1743 quae,
1058 1660 1143 1725 sicut
1168 1661 1419 1744 perorassent

272 1769 398 1835 domino
421 1768 586 1851 placitura,
606 1768 729 1831 nullum
754 1768 823 1833 eius
841 1768 1060 1833 testimonium
1083 1768 1223 1849 reperiri,
1241 1768 1318 1833 haec
1337 1768 1417 1832 forte

272 1876 448 1960 cogitantes
472 1874 511 1939 ad
534 1874 686 1939 finiendas
711 1893 810 1939 uanas
833 1884 867 1939 et
887 1874 1080 1956 perniciosas
1104 1878 1136 1939 et
1160 1873 1257 1939 saluti
1275 1876 1419 1940 aeternae

272 1982 442 2048 contrarias
465 1982 648 2046 inimicitias
668 1982 707 2046 ad
727 1984 834 2047 locum
857 1981 1045 2047 conlationis
1068 1983 1194 2046 nostrae
1219 2000 1327 2047 ornnes
1347 2000 1419 2046 oon·

272 2090 379 2155 uenire
398 2090 577 2167 uoluerunt,
593 2108 653 2153 non
673 2092 710 2153 ut
723 2090 884 2154 tumultus
903 2107 1007 2154 nouus
1027 2088 1154 2164 oriatur,
1170 2089 1227 2152 sed
1240 2091 1278 2153 ut
1291 2091 1418 2152 uetusta
1436 2108 1464 2148 a

273 2197 431 2261 discordia
453 2194 588 2260 finiatur.

229 2306 249 2367 4
317 2302 398 2367 Nam
419 2306 451 2367 et
469 2303 559 2381 illud,
580 2322 640 2383 quo
660 2304 692 2366 in
712 2322 769 2367 nos
789 2303 894 2367 solent
912 2304 1052 2388 grauiter
1068 2302 1200 2375 imitari,
1222 2302 1306 2384 quod
1329 2320 1418 2385 reges

273 2414 382 2487 terrae,
407 2429 487 2492 quos
509 2411 598 2473 tanto
622 2414 694 2474 ante
716 2409 914 2491 praedictum
939 2413 988 2473 est
1012 2407 1137 2473 Christo
1167 2408 1293 2474 domino
1322 2406 1419 2472 serui-

273 2519 373 2593 tnroS,
401 2516 489 2599 leges
518 2519 625 2581 eontra
652 2516 827 2580 haereticos
856 2521 888 2579 et
921 2514 1144 2581 schismaticos
1176 2534 1232 2598 pro
1266 2512 1421 2578 catholica

272 2641 350 2705 pace
379 2623 586 2704 constituunt,
615 2622 773 2687 eredimus
802 2621 886 2704 quod
913 2622 1082 2704 aliquando
1116 2622 1327 2706 cogitauerim
1358 2638 1419 2683 uon
1438 2644 1466 2683 zo

275 2750 345 2794 esse
378 2729 579 2812 culpandum,
614 2730 686 2812 quia
720 2733 751 2792 et
788 2728 909 2810 antiqui
946 2748 1037 2813 reges
1073 2748 1134 2793 non
1174 2728 1278 2793 solum
1306 2726 1418 2811 gentis

274 2836 449 2901 Hebraieae
476 2836 531 2899 sed
560 2837 655 2899 etiam
684 2835 888 2920 alienigenae,
916 2856 955 2899 ne
984 2836 1151 2917 quisquam
1184 2838 1295 2899 eontra
1326 2834 1419 2897 deum

274 2942 405 3021 Israhel,
428 2941 488 3006 hoc
512 2945 562 3006 est
585 2960 695 3006 uerum
719 2942 813 3005 deum
837 2961 898 3007 non
922 2945 1048 3005 tantum
1071 2942 1199 3018 faceret,
1219 2941 1276 3005 sed
1299 2941 1352 3004 nel
1375 2938 1421 3003 di·

276 3053 360 3113 ceret
382 3048 512 3132 aliquid,
532 3067 641 3113 omnes
664 3050 752 3132 regni
772 3049 822 3112 sui
841 3049 977 3130 populos
995 3049 1173 3131 praeceptis
1196 3045 1421 3113 minacissimis

275 3158 455 3219 terruerunt
478 3164 509 3219 et
531 3154 666 3219 maiores
690 3155 825 3219 istorum
851 3155 954 3238 ipsam
979 3154 1148 3220 Caeciliani
1176 3173 1315 3233 causam,
1338 3150 1421 3216 unde
1439 3174 1468 3213 a

275 3265 348 3325 nata
384 3265 432 3326 est
468 3262 531 3325 ista
567 3261 733 3339 dissensio,
767 3262 806 3325 ad
839 3260 1081 3327 Constantinum
1113 3261 1334 3343 imperatorem
1366 3276 1422 3340 per

275 3367 447 3432 Anulinum
470 3367 691 3449 proconsulem
715 3368 892 3432 accusando
915 3368 1081 3444 miserunt,
1110 3366 1194 3448 quod
1222 3366 1332 3448 utique
1359 3382 1420 3427 non

276 3474 315 3539 ob
353 3473 439 3537 aliud
476 3474 624 3539 uidentur
659 3474 784 3553 secisse,
817 3474 879 3539 nisi
915 3479 952 3539 ut
988 3475 1159 3558 imperator
1191 3471 1420 3538 Constantinus

277 3582 476 3664 contraeos,
501 3580 555 3663 qui
583 3582 724 3663 superati
752 3584 868 3660 essent,
894 3582 950 3658 eis,
975 3581 1028 3663 qui
1058 3582 1272 3661 superassent,
1301 3573 1421 3657 aliquid

277 3686 374 3769 regali
403 3686 592 3750 auctoritate
621 3686 812 3763 decerneret,
837 3690 1000 3769 totamque
1028 3686 1129 3769 ipsam
1158 3702 1288 3749 causam
1311 3686 1420 3766 potue·
1438 3708 1466 3752 a

368 3877 401 3929 18
420 3876 464 3929 Ps.
486 3876 546 3940 101,
565 3877 612 3941 23;
632 3876 701 3929 Dan.
724 3876 747 3939 7,
768 3878 802 3930 '27

313 4028 329 4081 3
350 4031 377 4081 et
396 4027 519 4097 epistolis
539 4045 564 4081 m
628 4028 642 4080 7
662 4027 830 4103 testimonio,
849 4044 883 4081 m.
903 4031 918 4080 1
937 4042 1006 4081 corr.
1026 3990 1183 4079 testimoniri
1203 4025 1230 4077 P
1294 4025 1326 4078 12
1344 4022 1422 4077 testi·

277 4144 375 4202 monia.
395 4161 427 4197 aa.
448 4148 463 4197 1
481 4160 549 4196 corr.
569 4109 727 4207 testimonii
746 4143 774 4195 P
828 4144 859 4196 17
880 4144 945 4211 quo]
967 4141 1038 4211 quod
1057 4140 1086 4207 (d
1105 4144 1177 4210 cap.)
1196 4141 1222 4193 1³
1272 4141 1307 4194 22
1326 4139 1420 4193 alieni-

279 4248 362 4299 genae
382 4232 524 4301 quisquam
546 4232 571 4283 P
636 4232 669 4285 27
690 4233 891 4294 apulicorum.
913 4231 1086 4284 3anolinum
1105 4230 1132 4282 P
1195 4229 1230 4283 30
1249 4228 1425 4282 decernerent

279 4326 362 4388 (post.
382 4338 398 4373 n
418 4337 452 4374 m.
472 4327 487 4374 1
506 4321 568 4385 del.)
589 4320 615 4373 P
