3092 4959
521 316 788 386 epistularum
818 314 939 371 CXLIII.
1239 322 1301 386 261

151 515 502 598 concupiscentiam
541 513 666 579 cordis
704 532 841 580 eorum.
874 512 1004 595 proinde
1037 535 1136 580 unum
1169 517 1303 582 uerbum

149 623 351 706 relinquitur,
381 621 465 703 quod
497 620 619 685 dietum
653 624 716 684 est:
749 621 980 686 Reuertatur
1012 621 1055 685 ad
1090 622 1208 702 deum,
1242 643 1304 705 quo

149 733 246 814 pacto
270 728 372 811 accipi
395 728 501 811 possit
521 728 670 804 reuerti,
698 727 754 792 ubi
783 731 854 792 ante
882 746 943 792 non
972 729 1043 808 fuir,
1068 729 1096 794 ai
1124 730 1246 795 animae
1274 730 1305 794 in

150 838 222 900 suis
250 853 393 918 quaeque
421 835 605 918 corporibus
633 833 723 910 fiunt,
754 855 816 917 quo
850 837 918 900 solo
952 838 1050 902 uerbo
1083 855 1147 900 une
1177 837 1305 901 illamm

119 947 305 1026 equattuor
336 945 527 1027 angustatur
563 942 678 1026 opinio.
711 942 767 1006 sed
805 961 907 1024 neque
943 947 1072 1027 propter
1109 944 1169 1008 hoc
1206 961 1305 1007 unum

148 1053 286 1114 narbam
310 1052 428 1114 temera
451 1049 597 1114 existimo
620 1049 709 1112 illam
734 1049 923 1114 sententiam
949 1069 1020 1114 ease
1038 1050 1248 1128 refutandam,
1267 1069 1305 1114 ne

148 1158 234 1222 forts
257 1157 362 1240 possit
386 1157 510 1221 ostendi
535 1157 641 1238 aliquo
662 1175 776 1240 genere
796 1156 978 1236 locutionis,
999 1177 1061 1238 quo
1081 1162 1190 1223 sancta
1210 1159 1306 1241 scrip-

148 1269 225 1328 tura
248 1266 297 1329 uti
320 1265 413 1332 solet.
433 1263 493 1330 hoc
512 1283 639 1345 quoque
658 1266 744 1328 recte
764 1262 827 1326 dici
846 1263 1003 1347 potuisse,
1023 1267 1060 1328 ut
1078 1263 1197 1330 reuerti
1215 1265 1307 1329 intel-

148 1372 280 1456 legatur
298 1371 337 1436 ad
357 1371 451 1434 deum
472 1370 605 1453 spiritus
625 1373 751 1435 creatus
772 1374 935 1453 tamquam
956 1371 994 1436 ad
1014 1375 1187 1448 auctorem,
1207 1391 1225 1436 a
1243 1389 1306 1453 quo

104 1501 131 1540 ro
151 1482 280 1544 creatus
305 1482 365 1556 est,
384 1495 447 1542 non
470 1481 635 1560 tamquam
660 1477 699 1540 ad
723 1497 807 1552 eum,
832 1477 917 1560 apud
942 1497 1035 1560 quem
1061 1477 1210 1560 primitus
1234 1479 1306 1543 fuit.

63 1589 100 1652 11
198 1585 287 1650 Haec
314 1585 385 1650 ideo
415 1585 540 1668 scripsi,
564 1587 611 1661 ut,
636 1583 782 1666 quisquis
811 1583 938 1647 illarum
963 1586 1114 1665 quattuor
1141 1584 1179 1648 de
1204 1584 1308 1648 anima

149 1691 384 1756 sententiamm
404 1690 543 1773 aliquam
563 1690 704 1755 uoluerit
721 1691 884 1754 adstmere
909 1693 1004 1774 atque
1029 1691 1207 1768 defendere,
1232 1693 1308 1756 talia

147 1799 293 1882 proferat
306 1799 360 1862 uel
375 1797 413 1861 de
427 1797 595 1880 scripturis
609 1797 640 1861 in
656 1797 879 1862 auctoritatem
896 1797 1146 1863 ecelesiasticam
1161 1799 1308 1881 receptis

150 1923 234 1988 quae
267 1924 328 1969 non
361 1903 488 1986 possint
518 1903 612 1967 aliter
643 1901 756 1985 accipi,
790 1903 886 1968 sicuti
915 1907 975 1982 est,
1005 1903 1089 1986 quod
1122 1904 1200 1969 daus
1232 1905 1309 1970 facit

105 2037 131 2076 n
148 2011 326 2088 hominem,
353 2010 408 2074 uel
438 2010 561 2074 ratione
592 2013 660 2074 tam
693 2013 789 2088 certa,
822 2019 860 2074 ut
892 2011 1101 2075 contradictio
1134 2015 1190 2076 aut
1221 2012 1309 2076 nulla

149 2119 269 2182 existat
292 2121 349 2181 aut
365 2116 507 2182 insaniae
526 2117 643 2182 similis
661 2118 775 2182 merito
794 2117 963 2192 iudicetur,
983 2117 1074 2182 uelut
1093 2118 1120 2181 si
1140 2119 1308 2200 quisquam

150 2224 242 2289 dicat
263 2243 321 2289 nec
344 2223 514 2288 ueritatem
539 2241 730 2308 cognoscere
753 2243 811 2288 nec
836 2223 903 2287 falli
923 2242 1115 2306 quemquam
1134 2243 1229 2306 possa
1248 2225 1309 2289 nisi

149 2331 333 2402 uiuentem
363 2349 463 2414 neque
492 2332 586 2403 enim,
616 2336 651 2395 ut
684 2331 862 2408 uideamus,
892 2348 987 2413 quam
1020 2329 1064 2394 ait
1094 2332 1154 2396 hoc
1186 2350 1308 2410 uerum,

150 2436 384 2520 scripturarum
416 2438 591 2502 auctoritas
622 2437 803 2503 necessaria
836 2442 886 2502 est
918 2455 954 2502 ac
991 2457 1051 2502 non
1090 2455 1203 2503 sensus
1240 2438 1310 2522 ipse

100 2571 130 2611 20
150 2544 334 2610 communis
364 2544 411 2607 ita
442 2564 553 2609 uerum
587 2563 658 2610 esse
690 2545 860 2627 perspicua
891 2544 1012 2609 ratione
1044 2545 1230 2626 proclamat,
1263 2547 1310 2622 ut,

150 2651 302 2734 quisquis
327 2651 558 2725 contradixerit,
585 2651 847 2716 dementissimus
870 2649 1034 2716 habeatur.
1057 2653 1118 2716 hoc
1142 2651 1223 2716 siin
1248 2651 1312 2716 ista

150 2759 384 2824 obscurissima
408 2759 604 2841 quaestione,
629 2778 710 2840 quae
734 2759 772 2822 de
796 2759 901 2824 anima
924 2762 983 2836 est,
1008 2762 1169 2842 praestare
1192 2758 1310 2840 aliquis

148 2867 273 2948 potest,
302 2865 434 2930 adiuuet
466 2865 646 2949 inperitiam
679 2885 797 2940 meam;
832 2865 917 2947 quod
950 2865 977 2929 si
1010 2885 1071 2932 non
1103 2867 1221 2947 potest,
1249 2884 1308 2930 non

150 2973 265 3055 culpet
288 2952 523 3037 cunctatIonem
547 2991 659 3036 meam.

191 3161 329 3231 iqqu
401 3161 625 3216 reuertentnrdd
641 3165 669 3230 (n
687 3166 849 3232 m.2exp.)
869 3162 895 3214 A
969 3161 1002 3216 ad
1022 3162 1101 3216 deum
1121 3179 1174 3231 quo
1193 3167 1308 3233 peccato

150 3249 189 3305 K
209 3249 245 3304 ad
268 3249 348 3304 deum
372 3268 419 3320 pro
442 3254 555 3321 peccato
578 3250 727 3304 PHAOP¹
750 3251 811 3304 edd.
831 3256 946 3320 practer
968 3267 995 3304 m
1017 3268 1065 3320 pro
1089 3255 1203 3320 peccato
1227 3255 1312 3316 (m.2

152 3356 210 3410 quo
228 3343 322 3408 pacto)
341 3339 376 3393 ad
395 3339 474 3393 deum
493 3338 530 3392 Μ
591 3339 755 3394 3anteaC
816 3342 907 3408 4quo
926 3355 977 3393 om.
996 3340 1024 3392 P
1042 3355 1109 3408 quo·
1129 3343 1152 3404 (a
1172 3343 1254 3407 erae)
1274 3338 1312 3393 Ρι

153 3428 273 3482 511111*
290 3428 324 3481 K
411 3429 504 3482 deris
523 3446 576 3492 mo,
595 3445 629 3482 m.
650 3433 669 3481 2
688 3429 813 3482 existimo
832 3428 860 3481 P
962 3427 1037 3482 illam
1055 3429 1092 3498 (nr
1112 3443 1147 3483 m.
1168 3428 1236 3482 Birt
1253 3445 1310 3482 ros.

154 3522 176 3572 3
197 3517 225 3579 l..
243 3534 364 3586 quarum
379 3523 520 3585 postrato
537 3534 564 3570 m
577 3518 650 3586 suit)
670 3517 698 3570 P
804 3519 821 3571 8
845 3521 961 3581 reuerta,
980 3533 1014 3575 m.
1033 3521 1050 3571 1
1068 3533 1136 3574 corr.
1161 3516 1262 3571 reuerti
1281 3517 1315 3570 Η

154 3608 191 3661 11
210 3605 290 3660 11110*
308 3605 342 3659 K
418 3607 450 3660 13
468 3607 497 3659 in
517 3608 680 3661 anctoritate
699 3609 744 3672 (u
763 3623 798 3660 m.
819 3609 850 3673 2)
871 3606 1082 3660 ecclesiastcam
1101 3606 1129 3659 P
1145 3607 1172 3659 in
1193 3608 1310 3660 auctori-

153 3698 217 3749 tate
237 3693 468 3749 ecclesiasticaG
516 3695 550 3749 14
568 3695 650 3749 aliter
667 3711 724 3749 rae.
744 3711 779 3748 ex
797 3694 952 3750 aliiteraG
1008 3695 1121 3764 qaosG
1173 3695 1310 3748 hominem

153 3783 226 3837 lectt
245 3781 305 3836 cdd.
353 3783 386 3836 15
404 3784 539 3836 rationem
557 3786 613 3836 tarn
633 3786 734 3837 aemam
757 3782 823 3836 Om
879 3783 1059 3836 contradictio
1077 3799 1134 3837 ras,
1154 3799 1188 3836 ec
1207 3787 1310 3836 contre-

154 3871 252 3926 ductio
270 3871 306 3924 M
323 3871 497 3935 conteditio,
515 3889 550 3924 m.
570 3875 590 3924 2
608 3871 788 3926 contradictio
812 3871 835 3924 O
906 3879 953 3924 aut
971 3887 1023 3924 om.
1037 3871 1064 3924 A
1078 3897 1101 3920 e·
1118 3875 1183 3939 (pro
1203 3874 1261 3936 eut)
1277 3870 1311 3922 M

157 3963 193 4015 18
213 3959 362 4027 uiuentem,
379 3978 415 4014 m.
435 3963 455 4012 2
472 3958 612 4013 uidentem
630 3959 665 4011 M
729 3960 820 4028 quam]
842 3957 1040 4028 quenquamO
1098 3959 1149 4012 hoc
1168 3958 1312 4026 sitflrm

193 4049 233 4102 sit
249 4065 285 4104 m.
305 4051 326 4102 2
343 4065 377 4102 ec
395 4049 434 4102 sic
452 4048 481 4101 P
550 4049 583 4102 21
605 4049 833 4102 clementissimus
852 4046 885 4100 K
965 4047 989 4100 si
1007 4047 1036 4100 in
1056 4048 1120 4116 ista]
1142 4048 1176 4100 sii
1196 4047 1313 4101 nistaC

154 4138 193 4193 22
213 4137 319 4207 aliquid
336 4138 365 4191 P
462 4138 497 4191 24
517 4137 616 4207 culpat,
635 4155 670 4190 m.
690 4140 710 4190 2
728 4137 766 4205 (i)
787 4152 855 4190 corr.
876 4135 969 4204 culpet
987 4136 1020 4188 H
1037 4136 1187 4200 calcator.
1206 4141 1222 4189 1
1241 4151 1310 4192 corr.

157 4227 253 4297 culpat
274 4227 300 4282 G
372 4227 400 4279 in
420 4228 621 4281 cunctationem
641 4243 728 4280 meam
747 4226 779 4279 H
