3092 4959
288 418 353 480 254
643 414 669 468 S.
697 414 836 468 Aureli
863 414 1081 483 Augustini

288 609 465 693 opinantur,
494 608 591 672 uerba
619 608 759 686 dixerim,
789 628 870 691 quae
898 610 1025 673 mallem
1054 627 1211 685 reuocare,
1239 608 1268 674 si
1299 627 1440 691 possem,

288 736 348 780 nou
377 715 455 779 mihi
484 715 630 780 Tulliana
661 715 717 779 illa
748 715 919 788 blanditur,
949 735 1012 797 qua
1044 715 1164 780 dictum
1196 720 1261 780 est:
1294 715 1443 780 ‘Nullum

289 842 439 905 umquam
463 823 608 900 uerbum,
633 822 717 904 quod
741 841 890 886 reuocare
913 822 1022 898 uellet,
1046 821 1173 899 emisit,
1198 823 1255 887 sed
1278 823 1366 906 angit
1387 843 1444 885 me

289 932 381 1013 plane
404 929 583 996 Horatiana.
598 929 770 994 sententia:

649 1037 763 1100 Nescit
785 1055 846 1100 uon
870 1038 968 1102 missa
990 1037 1118 1101 reuerti.

290 1145 362 1208 binc
400 1146 458 1220 est,
497 1144 580 1225 quod
618 1144 959 1226 periculosissimarum
1003 1145 1224 1227 quaestionum
1264 1145 1365 1209 libros
1403 1143 1447 1210 de

291 1251 399 1335 genesi
428 1250 551 1314 scilicet
580 1254 612 1314 et
640 1251 677 1314 de
705 1250 848 1315 trinitate
877 1251 998 1316 diutius
1027 1258 1128 1326 teneo,
1160 1271 1255 1334 quam
1283 1253 1386 1316 uultis
1413 1269 1449 1316 et

292 1358 391 1434 fertis,
420 1361 467 1432 ut,
497 1358 523 1421 si
552 1377 612 1422 nou
641 1357 803 1440 potuerint
834 1359 895 1422 uisi
928 1359 1042 1423 habere
1071 1360 1186 1441 aliqua,
1215 1377 1296 1440 quae
1325 1359 1448 1422 merito

291 1463 569 1548 reprehendantur,
599 1465 712 1529 saltem
741 1465 892 1546 pauciora
918 1466 993 1542 sint,
1021 1485 1116 1546 quarn
1145 1485 1215 1530 esse
1243 1470 1386 1548 possent.
1419 1468 1449 1529 si

292 1571 455 1652 praecipit
490 1571 691 1636 festinatione
723 1572 935 1636 inconsultius
969 1571 1145 1636 ederentur.
1181 1591 1242 1635 uos
1278 1571 1375 1650 euim,
1411 1582 1451 1636 ut
1472 1599 1496 1632 o»

292 1681 417 1742 uestrae
441 1677 582 1740 indicant
605 1678 729 1742 litterae
749 1717 792 1724 —
811 1699 883 1742 nam
903 1680 962 1743 hoe
981 1679 1061 1743 mibi
1080 1682 1175 1743 etiam
1194 1683 1323 1743 sanctus
1348 1679 1452 1742 irater

294 1788 326 1849 et
350 1784 558 1867 coepiscopus
583 1804 673 1850 meus
698 1787 827 1868 scripsit
849 1786 1030 1850 Florentius
1053 1823 1107 1864 -,
1130 1785 1212 1861 ideo,
1236 1791 1274 1850 ut
1300 1784 1450 1852 edantur.

294 1891 426 1974 urgetis,
456 1910 517 1972 quo
548 1893 672 1973 possint
695 1911 709 1954 a
735 1911 796 1971 me,
825 1892 901 1957 dum
929 1893 959 1955 in
989 1893 1049 1957 bac
1077 1912 1169 1957 carne
1196 1893 1282 1970 uiuo,
1304 1891 1451 1955 delendi.

295 2017 367 2060 cum
392 1997 444 2060 uel
469 1996 506 2061 ab
531 1998 669 2062 inimicis
694 1999 910 2063 mordentibus
933 2000 986 2063 uel
1017 2001 1112 2063 etiam
1135 2000 1174 2063 ab
1198 2000 1309 2062 amicis
1333 2017 1452 2080 parum

295 2103 555 2188 intellegentibus
579 2105 714 2169 fortasse
733 2105 763 2168 in
789 2105 979 2186 quibusdam
1003 2107 1163 2188 coeperint
1185 2106 1338 2170 accusari.
1361 2105 1453 2186 quod
1472 2129 1493 2168 ιι

297 2211 406 2292 utique
430 2213 597 2293 propterea
620 2210 737 2286 dicitis,
764 2213 838 2294 quia
860 2231 920 2277 non
944 2212 1065 2296 putatis
1090 2232 1159 2276 ease
1182 2212 1213 2276 in
1243 2214 1289 2278 eis
1311 2212 1453 2294 aliquid,

296 2317 380 2398 quod
404 2336 479 2380 uera
502 2317 605 2399 possit
627 2319 747 2383 ratione
771 2319 908 2401 culpari3
937 2320 1076 2401 alioquin
1104 2339 1164 2385 uon
1194 2339 1245 2383 me
1273 2319 1312 2382 ad
1335 2337 1452 2382 eorum

297 2424 466 2488 editionem
491 2424 546 2488 sed
570 2425 609 2488 ad
633 2425 865 2509 diligentiorem
895 2427 1145 2491 emendationem
1173 2427 1281 2510 potius
1307 2425 1452 2489 hortm-e

298 2531 384 2595 mini.
423 2549 481 2614 ego
520 2535 627 2596 autem
664 2532 786 2596 iudices
824 2552 917 2597 ueros
950 2537 983 2597 et
1014 2533 1149 2598 ueritate
1181 2551 1309 2599 seueros
1343 2531 1451 2616 magis

297 2637 431 2714 intueor,
459 2637 540 2702 inter
569 2657 649 2720 quos
677 2642 710 2702 et
736 2658 787 2702 me
817 2639 923 2721 ipsum
955 2639 1102 2722 primitus
1135 2641 1328 2705 constituere
1360 2639 1452 2705 uolo,
1471 2665 1495 2699 ιι

298 2748 334 2805 ut
362 2743 400 2807 ad
428 2743 501 2809 illos
530 2763 567 2808 ca
594 2747 719 2809 tantum
746 2746 1002 2828 reprehendenda
1029 2746 1223 2827 perueniant,
1253 2765 1332 2828 quae
1356 2765 1373 2809 a
1397 2764 1452 2809 me

299 2851 445 2931 quamuis
469 2851 579 2916 sedulo
603 2855 822 2934 perscrutante
844 2851 947 2918 uideri
970 2853 1100 2918 minimo
1122 2857 1303 2936 potuerunt.

388 3060 456 3114 2?
511 3061 844 3131 5H0r.}ap.113,390
901 3062 933 3114 13
953 3060 1012 3115 Gal.
1032 3061 1057 3127 2,
1076 3061 1112 3116 20

337 3168 349 3219 1
372 3167 468 3221 dixeris
482 3169 506 3234 (t
524 3183 594 3221 erus.
606 3166 639 3234 ?),
658 3185 693 3220 m.
713 3170 732 3221 2
751 3167 848 3221 dixeri·
862 3167 890 3220 P
996 3183 1118 3237 quaeque
1136 3163 1170 3218 Η
1187 3183 1252 3236 que·
1267 3170 1302 3233 (m
1320 3169 1407 3232 eruc)
1428 3167 1458 3218 P

335 3257 436 3326 possim
453 3257 517 3310 MA
607 3257 691 3310 ailla
709 3257 824 3311 tulliana
843 3256 880 3310 Ρ1
925 3246 1017 3326 ¹quia
1034 3257 1071 3311 M
1088 3257 1173 3310 oratio
1193 3273 1248 3326 qua
1268 3255 1295 3310 G
1311 3257 1457 3308 renuntia

301 3361 354 3414 qua
372 3345 431 3399 edd.
523 3347 539 3400 3
558 3363 685 3399 reuocare
704 3346 800 3415 uellet]
821 3351 961 3400 reuocaret
979 3345 1041 3400 MA
1135 3344 1207 3398 uelle
1224 3349 1255 3399 te
1273 3344 1356 3420 misit.
1373 3359 1413 3395 uu
1436 3346 1459 3395 2

301 3449 368 3487 corr.
388 3433 473 3487 uellet
491 3435 583 3488 emisit
601 3433 638 3487 P¹
747 3436 838 3503 arguit
856 3434 893 3487 P¹
1001 3433 1171 3497 duratione,
1189 3449 1259 3487 corr.
1279 3431 1405 3486 cretiana
1426 3431 1458 3484 G

280 3525 317 3577 '5
337 3523 512 3576 emissaPK
578 3522 743 3578 idiutisG
808 3527 945 3578 8utcm.
964 3523 992 3576 P
1062 3521 1462 3590 uiri(sexcorr.ue.1)M

335 3612 436 3673 habere
456 3611 536 3666 abere
556 3612 648 3677 (abere
663 3613 726 3680 del.)
740 3609 775 3664 Η
809 3614 826 3665 9
845 3613 1066 3682 reprehendatur,
1085 3613 1155 3665 Μ
1172 3609 1409 3680 reprehendantur
1426 3609 1464 3662 K

338 3701 489 3770 possintG
532 3703 565 3755 10
584 3703 711 3771 praecipi,
730 3719 764 3755 m.
785 3707 800 3755 1
818 3718 887 3757 corr.
906 3702 1050 3772 praecipiti
1069 3701 1106 3754 Μ
1121 3700 1273 3771 praecipita
1290 3697 1319 3752 P
1355 3699 1387 3750 13
1407 3715 1461 3751 ur·

302 3791 392 3857 gustis
412 3789 468 3844 Ac
541 3790 652 3844 delendi
671 3791 755 3858 (leudi
776 3807 810 3844 m.
831 3795 889 3845 2⁸.
908 3793 947 3857 u.)
966 3790 1000 3843 K
1053 3791 1087 3844 14
1105 3788 1234 3857 inimicis]
1255 3787 1416 3843 amiciam.
1440 3791 1464 3838 2

302 3880 418 3933 inimicis
438 3879 474 3931 M
552 3880 657 3948 amicis]
677 3879 797 3933 inimicis
814 3879 873 3932 HA
957 3880 989 3933 15
1009 3879 1129 3948 ceperint
1146 3892 1203 3930 rua.
1222 3893 1256 3931 ee
1274 3879 1408 3945 ceperunt
1433 3877 1466 3928 G

339 3967 458 4022 accusari
477 3969 497 4036 (i
520 3985 553 4022 ex
570 3971 639 4034 rus.)
658 3968 691 4022 Η
708 3985 842 4034 accusare,
863 3985 932 4023 corr.
951 3968 1073 4022 accusari
1091 3965 1124 4019 K
1188 3965 1219 4018 16
1238 3966 1268 4018 iu
1286 3965 1326 4018 eis
1344 3979 1408 4016 esse
1433 3965 1466 4018 G

305 4059 337 4111 18
357 4057 567 4111 emendatiorem
588 4060 614 4112 A
671 4059 703 4111 19
723 4075 797 4125 uero,
816 4074 850 4112 m.
870 4063 885 4111 1
903 4073 971 4112 con.
992 4073 1070 4110 ueros
1089 4055 1124 4109 H
1173 4054 1209 4108 20
1228 4055 1350 4108 intuerer
1365 4055 1468 4120 (ptr

304 4149 374 4214 esp.)
395 4145 422 4199 G
493 4147 525 4200 21
549 4162 650 4201 eaom.
670 4147 697 4200 P
768 4151 1092 4216 qua-,m.1(.)corr.
1112 4143 1237 4214 quaenP
1307 4143 1468 4209 mseru-

303 4233 428 4288 tanteG
481 4235 594 4289 minime
613 4233 700 4288 uideri
719 4234 779 4289 edd.
834 4235 935 4294 uidere.
954 4252 988 4288 m.
1003 4239 1019 4287 1
1036 4249 1107 4289 corr.
1125 4231 1213 4286 uideri
1232 4231 1260 4285 P
1307 4229 1416 4283 minine
1437 4231 1468 4284 G

340 4323 480 4394 potuerint
497 4323 524 4377 P
541 4325 586 4392 (m.
604 4329 620 4377 1
638 4339 706 4378 corr.
726 4326 884 4394 potuerunt)
904 4321 930 4377 G
