3092 4959
291 378 331 443 18
642 375 669 429 S.
697 374 836 429 Aureli
863 375 1080 446 Augustini

287 568 344 633 illa
368 572 622 653 expectauerunt.
646 568 723 651 quid
743 570 793 633 est
812 574 929 644 autem,
949 569 1033 652 quod
1053 571 1169 635 dicitur
1187 591 1259 636 eum
1279 573 1436 639 iuratione

288 694 341 739 ore
365 694 423 741 suo
453 694 599 757 expressa
627 676 841 759 exceptionem
869 676 983 740 secisse
1010 677 1234 742 necessitatis?
1258 680 1348 761 quasi
1372 699 1435 745 non

289 800 340 845 ore
369 802 426 847 suo
454 801 564 847 rursus
594 782 653 847 hoc
680 782 777 846 iussit
805 782 929 847 auferri.
959 785 1044 847 certe
1067 782 1106 846 ad
1129 785 1284 865 populum
1308 786 1433 867 quando

287 888 355 971 ipse
377 889 506 955 locutus
530 893 589 967 est,
613 894 690 953 tunc
708 889 803 953 etiam
823 888 1044 972 interponeret.
1063 890 1148 971 quod
1167 891 1194 954 si
1213 892 1351 968 fecisset,
1371 912 1433 956 non

287 997 398 1077 utique
430 996 686 1079 responderetur:
710 996 788 1061 ‘Deo
822 996 961 1079 gratias',
995 996 1051 1061 sed
1083 996 1122 1061 ad
1154 997 1242 1062 illam
1278 998 1433 1063 rediretur
1461 1024 1473 1062 s

285 1102 554 1181 reclamationem,
579 1122 659 1184 quae
686 1102 771 1167 factu
798 1103 911 1180 fuerat,
936 1102 1060 1184 quando
1089 1104 1136 1168 sic
1159 1122 1177 1166 a
1201 1102 1332 1169 diacono
1355 1105 1431 1169 reci·

287 1213 390 1273 totum
418 1213 477 1275 est.
506 1213 538 1274 et
566 1210 719 1291 numquid
748 1209 787 1273 ad
814 1229 880 1273 rem
907 1210 1054 1292 pertinet,
1083 1210 1152 1274 siue
1180 1210 1368 1292 interposita
1390 1211 1432 1275 sit

287 1316 326 1381 ad
353 1315 562 1381 recedendum
591 1316 790 1381 necessitatis
820 1316 979 1381 excusatio
1008 1316 1079 1381 siue
1105 1336 1166 1381 non
1195 1318 1258 1382 sit?
1286 1318 1366 1381 nihil
1392 1318 1430 1381 ab

285 1425 341 1489 illo
374 1424 461 1489 uliud
498 1427 696 1507 expectatum
734 1428 784 1489 est
820 1442 914 1505 quam
949 1423 993 1502 id,
1030 1423 1115 1507 quod
1152 1444 1248 1508 supra
1284 1424 1429 1489 diximus.

286 1532 535 1616 expectationem
554 1534 659 1595 autom
680 1549 799 1609 eorum,
814 1531 930 1613 quibus
947 1531 1079 1610 iuratur,
1098 1531 1243 1613 quisquis
1263 1531 1429 1616 deceperit,
1449 1560 1471 1596 1⁰

285 1659 346 1705 non
368 1640 477 1721 potest
499 1656 569 1704 esec
593 1657 653 1704 non
678 1638 834 1721 periurus.

219 1742 260 1804 14
328 1746 401 1810 Fiat
423 1762 508 1829 ergo,
529 1744 613 1827 quod
636 1744 830 1826 promissum
855 1749 914 1824 est,
934 1747 966 1809 et
985 1744 1181 1810 infirmorum
1205 1745 1300 1811 corda
1323 1764 1429 1810 sanen-

283 1857 346 1931 tur,
374 1872 412 1917 nc
439 1855 528 1917 tanto
557 1852 710 1935 exemplo,
740 1851 857 1933 quibus
886 1852 947 1917 boc
976 1851 1142 1933 placuerit,
1171 1851 1209 1917 ad
1241 1852 1427 1917 imitandum

282 1958 456 2043 periurium
470 1957 685 2037 aedificentur,
701 1958 818 2040 quibus
837 1961 944 2022 autem
960 1957 1118 2040 displicet,
1130 1958 1312 2023 iustissime
1326 1958 1429 2023 dicant

283 2066 364 2130 nulli
387 2070 530 2131 nostrum
555 2063 746 2130 credendum
770 2083 841 2129 esse
865 2083 925 2129 non
954 2064 1058 2129 solum
1087 2064 1284 2148 promittenti
1312 2064 1428 2148 aliquid
1448 2094 1470 2134 1

284 2171 339 2237 sed
368 2173 462 2237 etiam
490 2172 616 2237 iuranti.
647 2172 720 2236 hinc
749 2172 832 2236 enim
864 2171 973 2254 potius
1006 2171 1165 2237 cauendae
1197 2170 1272 2238 sunt
1302 2171 1428 2257 linguae

283 2280 493 2358 inimicorum,
518 2278 695 2361 dequibus
723 2281 886 2359 tamquam
914 2279 1028 2344 iaculis
1056 2280 1096 2343 ad
1122 2278 1357 2345 interficiendos
1383 2279 1428 2342 in·

283 2386 391 2453 firmos
415 2387 515 2451 maior
535 2386 590 2451 ille
609 2387 711 2451 utitur
732 2387 893 2451 inimicus.
918 2386 974 2450 sed
997 2386 1091 2463 absit,
1115 2387 1152 2449 ut
1175 2385 1213 2449 de
1240 2384 1298 2449 tali
1327 2384 1429 2449 anima

284 2512 448 2577 speremus
472 2492 569 2571 aliud,
593 2512 687 2577 quam
712 2493 796 2577 quod
820 2493 871 2557 dei
894 2493 990 2557 timor
1011 2492 1146 2573 inspirat
1173 2496 1206 2556 et
1227 2495 1325 2567 tanta,
1350 2510 1428 2573 quae

283 2600 393 2667 inille
421 2602 479 2679 est,
503 2601 687 2665 excellentia
714 2599 894 2664 sanctitatis
922 2598 1077 2663 hortatur.
1107 2617 1165 2683 ego
1194 2602 1310 2674 autem,
1335 2615 1428 2679 quem
1447 2627 1473 2665 11

283 2708 363 2773 diois
382 2706 478 2772 etiam
495 2706 660 2789 prohibere
684 2705 844 2785 debuisse,
863 2706 975 2784 fateor,
994 2724 1055 2771 non
1075 2706 1166 2789 potui
1185 2704 1232 2770 sic
1255 2720 1373 2788 sapere,
1392 2708 1429 2767 ut

282 2818 371 2880 tanto
399 2816 452 2879 uel
480 2813 622 2878 tumultu
651 2813 703 2878 uel
731 2812 901 2879 offensione
927 2813 1030 2897 magis
1059 2812 1159 2877 auerti
1186 2811 1303 2876 uellem
1331 2810 1429 2875 eccle

284 2922 374 2999 siam,
398 2920 450 2985 cui
474 2921 588 2998 seruio,
614 2939 708 3003 quam
732 2919 776 2998 id,
800 2918 885 3003 quod
904 2939 924 2983 a
941 2920 999 2984 tali
1021 2919 1090 2984 uiro
1113 2918 1205 2985 nobis
1229 2918 1427 2990 offerebatur,

283 3046 435 3110 accipere.

318 3220 335 3272 3
354 3218 405 3273 hoc
423 3235 529 3273 rursum
548 3218 658 3273 iusserit
676 3218 765 3285 firm
785 3234 891 3271 rursum
909 3217 1020 3271 iusserit
1037 3232 1053 3269 r
1134 3214 1240 3286 quando
1259 3215 1367 3270 loeutus
1387 3218 1429 3269 eet

283 3309 348 3361 tunc
367 3306 449 3361 etiam
467 3307 526 3377 ipse
549 3306 577 3361 U
654 3305 869 3376 5respondetur
890 3305 916 3359 Y
990 3304 1214 3361 6111111171]
1285 3304 1428 3358 litantem

282 3412 333 3450 om.
353 3396 387 3449 H
439 3397 470 3449 11
491 3397 633 3465 essenon]
653 3412 707 3450 non
727 3413 839 3450 essem.
859 3395 1001 3450 2111111.
1025 3394 1053 3448 V
1101 3396 1133 3450 15
1154 3394 1248 3448 estH
1291 3394 1323 3447 16
1343 3394 1426 3463 enim]

281 3486 365 3539 etiam
389 3484 444 3539 VU
496 3486 529 3539 18
548 3486 636 3539 utitur
653 3485 700 3538 ille
719 3484 780 3539 edd.
838 3485 870 3538 19
888 3484 972 3538 timor
989 3483 1081 3538 deiT
1138 3485 1172 3538 20
1191 3485 1282 3537 autem
1300 3498 1352 3537 om.
1374 3481 1430 3537 VU

319 3590 399 3643 quam
423 3574 448 3628 T
499 3575 534 3629 22
554 3574 668 3629 ecclesia
691 3574 718 3627 U
