3092 4959
404 468 668 537 epistularum
697 466 867 523 CLXXVIII.
886 468 1026 525 CLXXIX.
1225 476 1288 539 691

138 666 303 745 tamqnam
332 663 410 728 deus
440 664 577 729 orandus
607 664 659 738 sit,
689 684 752 747 quo
782 686 839 731 uos
869 666 908 729 ad
937 666 1131 749 superandas
1160 672 1294 750 tempta-

137 771 243 835 tiones
259 771 391 836 adiuuet
404 774 619 853 peccatorum,
639 770 748 836 sedne
764 772 932 855 quisquam
948 774 1076 837 inruens
1092 774 1297 857 corporaliter

137 896 198 941 nos
218 876 377 941 humanus
398 896 492 941 casus
512 877 645 961 affligat,
670 879 820 961 quoniam
841 883 1043 961 peccatorum
1067 880 1296 962 temptationes

138 986 268 1049 uincere
295 984 342 1049 ita
369 984 414 1049 sit
440 986 505 1049 iarn
533 984 565 1048 iu
594 990 704 1050 nostra
727 987 869 1069 positum
893 990 1054 1069 potestate
1079 986 1296 1070 possibilitate

106 1094 282 1166 araturae,
315 1094 353 1155 ut
384 1092 445 1157 boo
476 1093 613 1156 inaniter
639 1092 874 1175 impetrandum
904 1094 1068 1158 orantibus
1096 1094 1295 1158 arbitremur.

139 1216 202 1262 non
230 1217 405 1280 possumus
434 1218 496 1263 una
525 1198 664 1283 epistula
692 1200 784 1265 breui
812 1201 918 1265 omnia
945 1200 997 1265 uel
1028 1200 1164 1284 plurimu
1187 1204 1296 1265 mutae

138 1304 315 1388 impietatis
354 1309 540 1389 argumenta
578 1304 740 1389 colligere,
778 1306 965 1389 praesertim
1004 1307 1088 1388 quia,
1126 1325 1200 1370 oum
1232 1306 1296 1371 ista

140 1412 323 1485 scriberem,
364 1411 538 1494 perlatores
576 1412 757 1495 nauigaturi
795 1432 846 1477 me
883 1412 1034 1478 inmorari
1073 1413 1195 1477 diutius
1233 1432 1294 1477 uon

139 1519 297 1583 sinebant.
326 1521 404 1602 puto
432 1526 540 1582 autem
570 1538 738 1584 onerosum
763 1538 813 1583 me
838 1540 898 1584 non
923 1520 1023 1584 fuisse
1048 1520 1167 1583 sanctis
1192 1520 1295 1585 sensi·

93 1646 119 1685 ro
139 1625 294 1704 bustris,
315 1624 400 1708 quod
415 1624 454 1690 de
471 1628 561 1691 tanto
576 1628 660 1689 malo
681 1628 766 1690 omni
787 1626 956 1710 uigilantia
975 1627 1102 1692 domino
1122 1626 1297 1691 adiuuante

140 1732 272 1796 uitaudo
296 1736 400 1796 tacere
425 1750 486 1795 uou
510 1732 611 1813 potui.

635 1976 802 2042 CLXXIX.

140 2114 288 2170 DOIIINO
312 2116 529 2171 BEATISSIIIO
553 2116 597 2171 ΕΤ
616 2116 754 2172 MERITO
773 2116 999 2171 VENERABILI
1018 2116 1152 2170 uenral
1170 2116 1215 2171 ET
1235 2116 1297 2171 CO-

203 2205 381 2261 EPISOOPO
401 2205 560 2259 IOHANNI
578 2204 811 2260 AUGUSTINUS
831 2206 870 2259 IN
891 2205 1036 2259 DOMINO
1057 2205 1234 2260 SALUTEM.

49 2344 66 2404 l
96 2361 123 2398 a
190 2333 283 2412 Quod
301 2337 374 2397 tuae
393 2334 574 2397 sanctitatis
594 2335 714 2415 scripta
732 2352 793 2397 nou
812 2333 925 2408 merui,
949 2334 1028 2397 nihil
1042 2332 1148 2427 audeo
1168 2352 1296 2397 suscen-

143 2460 227 2515 sere;
256 2440 372 2507 melius
401 2442 484 2505 eninr
513 2441 702 2524 perlatorem
731 2440 824 2504 oredo
848 2439 999 2516 doluisse,
1032 2458 1126 2523 quam
1160 2458 1210 2503 me
1244 2459 1295 2504 su-

143 2549 250 2632 spicor
273 2568 292 2611 a
313 2551 369 2613 tua
401 2549 603 2613 ueneratione
637 2550 864 2631 contemptum,
898 2546 1023 2611 domine
1052 2544 1237 2611 beatissimo
1265 2549 1299 2608 et

143 2656 257 2719 merito
291 2655 481 2719 uenerabilis
514 2653 618 2717 frater.
656 2673 739 2717 nunc
772 2672 859 2729 uero,
897 2652 1047 2735 quoniam
1080 2671 1210 2717 seruum
1244 2650 1294 2715 doi

143 2762 273 2837 Lucam,
308 2780 362 2843 per
390 2781 484 2843 quem
512 2761 575 2825 ista
603 2760 711 2835 direxi,
744 2761 808 2825 cito
838 2760 977 2843 comperi
1006 2778 1076 2823 esso
1103 2758 1291 2835 rediturum,

96 2895 124 2933 ro
145 2888 236 2953 agam
257 2868 384 2932 domino
405 2872 437 2931 et
454 2874 528 2932 tuae
548 2868 737 2951 benignitati
762 2868 876 2931 uberes
902 2867 1031 2949 gratias.
1057 2865 1082 2930 si
1107 2886 1157 2929 me
1180 2865 1297 2930 litteus

143 2975 242 3040 fueris
285 2975 415 3039 uisitare
452 2974 613 3057 dignatus.
656 2974 824 3056 Pelagium
861 2992 936 3037 uero
975 2974 1103 3037 fratrem
1140 2976 1297 3049 nostrum,

143 3082 247 3146 filium
284 3085 388 3157 tuum,
427 3102 521 3164 quem
559 3081 654 3145 audio
693 3080 776 3163 quod
810 3079 948 3143 multum
981 3077 1100 3162 diligis,
1137 3079 1218 3144 hauc
1249 3078 1298 3143 illi

144 3208 283 3273 suggero
312 3189 459 3254 exhibeas
484 3189 697 3266 dilectionem,
724 3192 762 3251 ut
785 3188 938 3265 homines,
966 3188 1020 3268 qui
1045 3206 1117 3250 eum
1142 3189 1301 3250 nonerunt

183 3450 392 3506 lbonorandus
410 3452 438 3504 P
508 3450 620 3504 adiuuet
639 3452 834 3520 temptationes
854 3450 890 3501 Ρι
945 3451 1119 3519 lpotestate
1137 3448 1300 3517 posituml'

181 3540 374 3613 possibilitate,
393 3556 427 3593 m.
447 3544 467 3594 2
486 3544 514 3593 et
531 3540 716 3610 possibilitate
737 3541 763 3592 P
818 3542 833 3593 5
854 3539 1022 3591 orationibus
1043 3540 1111 3591 lrm
1174 3539 1190 3591 6
1210 3536 1297 3601 breui!

145 3633 207 3685 brui
227 3630 349 3697 (aieOP
433 3630 666 3683 Sconscriberem
685 3630 747 3682 ΡΡΙ
768 3630 827 3683 edd.
908 3629 1014 3684 inrnori.
1034 3646 1068 3680 ra.
1088 3631 1107 3680 2
1127 3628 1254 3679 inmorari
1274 3626 1301 3677 P

146 3724 334 3775 9·oneroeum
354 3720 382 3785 (h
402 3724 483 3783 eras.)
501 3718 528 3769 P
584 3719 617 3771 10
637 3719 762 3786 omnique
786 3716 847 3770 ΙῬι
867 3735 892 3770 nr
911 3718 1084 3785 omniumque
1104 3715 1172 3781 aas

424 3894 450 3946 l'
473 3920 505 3939 =
526 3894 583 3948 cod.
608 3894 762 3947 Vaticanus
784 3897 842 3946 495
860 3910 880 3945 s.
901 3892 966 3945 XV.

421 3984 447 4037 U
473 4010 506 4029 =
526 3984 585 4037 cod.
611 3983 765 4036 Vaticanus
787 3986 845 4035 499
863 4000 883 4036 s.
904 3982 969 4035 XV.

238 4108 429 4161 Laurinienses
451 4107 525 4160 leorae
548 4105 695 4173 epistulam
712 4106 744 4158 ia
768 4105 916 4158 Vaticanis
939 4104 1141 4173 exemplaribus
1165 4110 1296 4171 reperiam

144 4197 232 4265 primi
248 4196 401 4250 ediderunt.

186 4374 220 4426 13
240 4376 269 4425 et
287 4371 393 4441 merito]
414 4388 445 4425 ac
464 4372 561 4424 merito
581 4372 640 4423 edd.
698 4372 730 4423 19
749 4368 900 4422 rediturum
920 4386 978 4422 esse
1003 4369 1027 4423 U
