3092 4959
509 396 633 457 102
1218 391 1270 444 S.
1328 390 1605 444 Aureli
1661 390 2095 459 Augustini

505 606 616 668 per
666 605 917 669 corpus,
967 589 1032 649 et
1082 585 1297 649 uideat
1342 585 1500 668 ipsa,
1553 584 1705 668 quid
1754 585 1859 661 sit,
1910 603 2070 667 quae
2119 585 2323 649 utitur
2370 603 2656 668 corpore.
2721 586 2830 649 sed

505 693 669 757 forte
719 713 840 758 non
887 695 1128 774 potest3
1178 692 1435 775 ‘magni'
1484 693 1717 775 quippe
1767 691 2023 775 ‘ingenii
2081 695 2222 769 est'‚
2272 696 2345 756 ut
2392 693 2483 756 ait
2530 692 2814 776 quidam.

505 791 826 865 ‘seuocare
883 804 1161 864 mentem
1210 819 1244 864 3
1293 800 1585 864 sensibus
1645 805 1708 864 et
1767 799 2215 882 cogitationem
2265 818 2301 863 a
2359 800 2816 864 consuetudine

508 907 860 972 abducere'.
920 907 1093 989 ipsos
1153 925 1300 990 ergo
1361 906 1639 987 corporis
1699 924 1925 971 sensus
1984 906 2307 988 aliquanto
2375 906 2690 971 insuetius
2757 910 2817 971 et

508 1013 888 1097 uigilantius
964 1017 1415 1096 perscrutetur.
1493 1016 1644 1076 sunt
1718 1018 1885 1077 certe
1963 1012 2459 1095 quinquepartiti
2538 1014 2816 1096 corporis
2874 1030 2896 1069 ⁵

508 1139 757 1197 sensuS‚
799 1120 906 1200 qui
946 1140 1059 1184 nec
1101 1120 1235 1184 sine
1277 1138 1532 1202 corpore
1574 1138 1688 1184 nec
1729 1121 1863 1184 sine
1904 1119 2111 1183 anima
2150 1139 2289 1184 esse
2336 1125 2629 1204 possunt,
2674 1120 2823 1201 quia

507 1245 712 1308 neque
771 1226 1005 1290 sentire
1063 1229 1162 1291 est
1219 1227 1338 1291 nisi
1396 1228 1699 1303 uiuentiS,
1761 1227 1930 1309 quod
1990 1227 2067 1291 ab
2127 1227 2333 1291 anima
2389 1231 2488 1292 est
2555 1227 2818 1309 corpori,

510 1351 713 1414 neque
764 1334 899 1397 sine
949 1334 1264 1415 corporeis
1311 1334 1753 1399 instrumentis
1803 1338 1866 1398 et
1905 1334 2086 1416 quasi
2125 1335 2298 1398 uasis
2340 1337 2531 1416 atque
2571 1334 2821 1418 organis

511 1439 841 1516 uidemu8‚
890 1439 1182 1504 audimus
1233 1441 1584 1522 ceterisque
1633 1441 1837 1504 tribus
1884 1441 2129 1505 utimur
2176 1441 2490 1505 sensibus
2539 1439 2825 1505 intendat

508 1547 669 1610 haec
721 1547 930 1610 anima
976 1546 1300 1611 rationalis
1350 1551 1415 1611 et
1461 1567 1688 1612 sensus
1731 1548 2008 1630 corporis
2049 1567 2169 1611 non
2211 1548 2504 1612 sensibus
2542 1548 2820 1631 corporis
2857 1565 2903 1604 ιο

510 1652 622 1716 sed
686 1653 828 1735 ipsa
883 1658 1093 1717 mente
1151 1658 1344 1735 atque
1402 1655 1644 1718 ratione
1703 1653 2079 1718 consideret.
2138 1658 2306 1718 certe
2356 1655 2588 1718 sentire
2636 1655 2825 1719 homo

518 1777 639 1824 non
689 1764 923 1840 potest,
972 1761 1093 1823 nisi
1146 1762 1349 1834 uiuat:
1403 1763 1575 1825 uiuit
1623 1766 1836 1826 autem
1883 1762 1946 1825 in
1996 1780 2200 1840 carne,
2242 1766 2581 1844 antequam
2628 1766 2825 1826 morte

523 1869 869 1949 utrumque
919 1867 1266 1932 dirimatur.
1319 1888 1442 1952 quo
1494 1868 1681 1933 modo
1729 1869 1928 1952 igitur
1973 1869 2199 1946 anima,
2251 1888 2411 1952 quae
2461 1872 2614 1933 sunt
2661 1873 2826 1933 extra

512 1990 770 2035 carnem
828 1992 1031 2049 suam,
1093 1974 1303 2051 sentit,
1362 1993 1522 2056 quae
1579 1993 1699 2040 non
1759 1975 1882 2039 nisi
1936 1975 2001 2039 in
2059 1994 2238 2039 carne
2297 1995 2413 2040 sua
2478 1975 2688 2040 uiuit?
2753 1994 2824 2038 an

508 2097 629 2142 non
686 2080 762 2143 ab
821 2079 957 2143 eius
1016 2098 1197 2144 carne
1252 2080 1627 2163 longissime
1685 2081 1917 2145 absunt
1973 2080 2178 2145 sidera
2232 2081 2293 2144 in
2352 2081 2567 2145 caelo?
2619 2100 2693 2145 an
2741 2081 2799 2144 in
2839 2095 2901 2136 ιε

686 2339 719 2390 2
762 2337 870 2392 Cic.
909 2338 1065 2393 Tusc.
1108 2339 1245 2408 disp.
1286 2340 1311 2393 1
1355 2340 1434 2402 16,
1476 2341 1544 2393 38

587 2515 610 2566 1
655 2513 782 2583 quid
821 2515 860 2582 (i
898 2516 959 2568 in
994 2521 1130 2580 ras.)
1170 2515 1246 2567 W
1269 2517 1388 2583 quit
1415 2515 1482 2568 K
1551 2518 1582 2569 2
1613 2518 1816 2586 potest]
1858 2522 2041 2586 potest
2072 2517 2273 2570 sentire
2304 2516 2369 2568 K
2473 2519 2557 2569 est
2585 2517 2791 2587 ingenii

511 2601 631 2656 edd.
661 2619 759 2657 sec.
788 2603 1067 2658 Ciceronis
1095 2605 1248 2660 codd.
1280 2605 1484 2673 ingenii
1513 2610 1635 2671 (om.
1668 2606 1773 2673 est)
1810 2607 1859 2659 T
1937 2608 1969 2661 3
2001 2623 2271 2668 seuocaoe,
2296 2623 2365 2658 m.
2397 2609 2436 2660 2
2462 2621 2713 2659 reuocare
2742 2603 2802 2657 K

512 2708 569 2745 se
609 2709 800 2746 uocare
838 2693 960 2746 MA
1001 2710 1225 2747 euocare
1268 2694 1365 2748 CR
1402 2711 1654 2748 reuocare
1693 2694 1830 2747 ΗΡι
1873 2694 2149 2749 Ciceronis
2186 2695 2341 2749 codd.
2487 2713 2543 2748 a·
2581 2695 2716 2762 (fuit
2752 2700 2796 2757 s)

513 2782 758 2835 sensibus
805 2782 856 2835 T
997 2798 1028 2835 3
1066 2783 1529 2837 con-*nsuetudine
1577 2783 1654 2835 W
1685 2801 1718 2838 a
1755 2784 2142 2839 consuetudine
2188 2789 2278 2852 (av
2316 2788 2478 2850 eras.)
2523 2784 2574 2837 T
2608 2802 2641 2837 3
2677 2801 2798 2838 con·

514 2871 828 2924 suetudine*
862 2871 909 2925 Ο
943 2871 1009 2925 ab
1050 2873 1440 2926 consuetudine
1474 2873 1752 2927 Ciceronis
1787 2874 1943 2928 codd.
2043 2876 2077 2928 4
2117 2874 2452 2927 abducerelsl¹
2491 2875 2625 2944 (ras.
2665 2874 2802 2926 1—2

516 2960 572 3025 I.)
609 2960 684 3012 M
714 2959 982 3014 adducere
1015 2959 1062 3012 0
1098 2965 1186 3025 (m.
1227 2964 1266 3013 2
1303 2960 1589 3028 abducere)
1616 2961 1670 3016 R
1816 2963 1978 3030 ipsas,
2015 2979 2082 3015 m.
2123 2967 2162 3017 2
2199 2965 2342 3032 ipsos
2392 2963 2463 3018 W
2495 2964 2630 3034 ipse,
2667 2981 2736 3016 m.
2767 2964 2803 3015 2

515 3065 651 3102 corr.
690 3049 806 3102 uid.
846 3049 965 3118 ipso
1003 3048 1068 3101 K
1189 3051 1401 3119 sensus]
1445 3059 1603 3119 psens
1641 3052 1695 3104 A
1822 3051 2113 3121 aliquando
2160 3052 2275 3105 TH
2376 3053 2711 3106 mansuetius
2747 3049 2810 3104 K

589 3141 645 3190 et
681 3154 747 3192 ex
784 3154 811 3190 e
850 3155 917 3191 m.
958 3144 987 3191 1
1022 3138 1099 3191 M
1219 3140 1250 3191 5
1289 3144 1660 3208 persero-etur
1696 3143 1891 3208 (supra
1925 3157 2036 3194 ras.
2077 3158 2145 3194 m.
2185 3144 2224 3194 2
2261 3141 2390 3195 add.
2428 3146 2500 3206 m)
2548 3140 2621 3194 W
2653 3157 2802 3211 prae·

516 3231 785 3280 scrutetur
823 3228 927 3281 TD
964 3232 1412 3297 praescrutemur,
1449 3245 1516 3281 m.
1545 3233 1585 3280 2
1619 3233 2017 3298 perscrutemur
2044 3229 2113 3282 H
2130 3233 2399 3283 scrutetur
2431 3230 2529 3285 CR
2639 3229 2803 3298 certe]

518 3333 645 3384 ergo
694 3314 771 3369 W
910 3317 1342 3386 quinquepartiti
1382 3318 1618 3387 corporis
1657 3334 1846 3371 sensus
1885 3335 1986 3373 om.
2025 3317 2092 3371 K
2248 3319 2486 3388 quinque
2523 3319 2654 3388 ptiti
2690 3317 2811 3372 MP

519 3406 756 3473 quinque
803 3406 991 3472 pertiti
1051 3404 1225 3459 TAP¹
1276 3404 1516 3474 quinque
1562 3405 1705 3474 pditi
1761 3406 1921 3475 (pditi
1969 3424 2036 3460 m.
2087 3410 2126 3459 2
2171 3423 2288 3475 3η).
2346 3412 2395 3460 et
2446 3423 2623 3474 supra
2679 3405 2805 3459 add.

518 3493 730 3563 partiti)
778 3493 856 3546 W
958 3495 990 3544 6
1030 3510 1272 3546 sens-uus
1310 3492 1385 3558 (ib
1425 3496 1590 3558 eras.)
1627 3494 1686 3546 D
1832 3511 1948 3547 esse
1988 3511 2110 3556 om„
2148 3512 2214 3547 m.
2257 3498 2296 3549 2
2332 3494 2462 3551 add.
2500 3495 2570 3548 H
2673 3496 2703 3548 7
2743 3494 2807 3547 ab

517 3599 620 3637 om.
669 3582 718 3634 T
930 3583 1166 3651 corporis
1207 3586 1255 3646 (s
1293 3600 1363 3635 m.
1403 3585 1443 3636 2
1479 3583 1606 3652 del.)
1652 3582 1731 3637 W
1903 3583 1935 3636 8
1975 3584 2235 3652 corporei,
2273 3600 2341 3636 m.
2381 3588 2420 3638 2
2457 3584 2727 3652 corporeis
2767 3580 2813 3635 C

590 3671 906 3723 strumentis
951 3670 1049 3724 CB
1086 3676 1245 3736 (corr.
1287 3672 1679 3736 instrumentis)
1719 3671 1775 3726 R
1918 3673 1951 3725 9
1990 3671 2244 3739 uidimus,
2283 3689 2351 3724 m.
2392 3676 2431 3725 2
2467 3670 2713 3724 uidemus
2750 3669 2813 3725 H

588 3758 946 3812 audisl.1.1lmus
986 3764 1121 3826 (ras.
1162 3764 1200 3813 2
1235 3766 1299 3813 ut
1333 3760 1449 3818 uid.
1491 3761 1551 3830 l.)
1598 3761 1676 3814 W
1813 3761 2078 3822 intendet,
2119 3779 2188 3814 m.
2227 3765 2258 3814 1
2294 3777 2431 3816 corr.
2468 3760 2718 3814 intendat
2743 3757 2813 3813 M

524 3850 588 3901 10
626 3848 967 3901 rationabilis
1012 3848 1171 3903 CDR
1206 3850 1555 3919 rationamur,
1593 3868 1661 3903 m.
1702 3854 1740 3903 2
1774 3866 1948 3918 supra
1983 3849 2327 3903 rationabilis
2363 3851 2418 3903 B
2599 3854 2656 3902 et
2691 3866 2808 3902 sen-

523 3939 635 4006 sus]
678 3937 925 3991 sensibus
965 3939 1018 3991 B
1199 3940 1331 4008 non]
1367 3941 1538 4003 nouit,
1579 3958 1646 3992 m.
1690 3943 1726 3993 3
1762 3956 1868 3992 non
1907 3939 1966 3992 H
2147 3955 2253 3992 non
2293 3938 2540 3992 sensibus
2579 3938 2810 4009 corporis

520 4043 625 4082 om.
666 4028 731 4080 K
870 4027 1141 4096 sensibus]
1180 4044 1364 4082 sensu.
1403 4028 1535 4096 (fuit
1574 4034 1620 4093 s)
1667 4027 1712 4080 C
1746 4044 1905 4081 sensu
1943 4028 1998 4083 R
2120 4029 2179 4081 11
2223 4029 2381 4096 rati0,
2420 4045 2487 4081 m.
2529 4032 2568 4082 2
2603 4028 2812 4082 ratione

530 4117 578 4170 C
719 4116 1027 4171 consederit
1064 4118 1113 4169 A
1262 4117 1424 4171 homo
1463 4118 1666 4171 sentire
1709 4116 1875 4170 GRK
2014 4118 2080 4169 13
2121 4117 2402 4171 dirimetur
2438 4115 2512 4170 P¹
2658 4114 2811 4186 quae]

526 4223 589 4259 ea
629 4222 766 4275 quae
809 4206 911 4260 CR
1025 4209 1091 4261 14
1129 4207 1314 4275 sentit,
1353 4224 1421 4259 m.
1463 4210 1502 4260 2
1540 4207 1712 4260 sensit
1755 4206 1801 4260 C
1927 4208 1990 4259 15
2031 4224 2189 4260 carne
2227 4224 2349 4268 om..
2385 4225 2456 4261 m.
2495 4211 2534 4260 2
2571 4207 2704 4260 add.
2749 4204 2823 4258 W

598 4295 857 4363 longisse,
897 4313 967 4350 m.
1005 4301 1035 4349 1
1072 4312 1212 4351 corr.
1249 4295 1569 4364 longissime
1607 4296 1680 4348 M
1819 4295 1907 4365 an]
1948 4312 2124 4349 annon
2165 4295 2230 4348 K
2261 4295 2379 4349 edd.
