3092 4959
509 395 772 462 epistularum
802 392 946 449 CLXXIII.
1237 401 1304 464 643

147 585 278 664 misisti,
301 589 339 651 ut
357 587 533 664 morereris,
557 587 606 650 iiii
628 592 659 651 te
688 589 848 652 nolentem
874 589 912 653 de
936 609 1019 671 aqua
1041 591 1240 672 leuauerunt,
1264 613 1303 657 ne

147 695 329 769 morereris3
353 697 390 758 tu
414 694 520 758 fecisti
543 695 718 759 seeundum
744 695 944 761 uoluntatem
965 701 1052 762 tuam
1072 699 1177 764 sedin
1202 701 1303 783 perni-

147 801 228 864 ciem
253 803 353 877 tuam,
382 800 431 865 iili
455 805 565 866 eontra
591 801 792 866 uoluntatem
821 806 909 867 tuam
935 805 991 868 sed
1015 809 1143 888 proptor
1166 809 1303 872 salutem

146 911 246 972 tuam.
280 907 307 971 si
341 925 415 990 ergo
448 907 535 970 salus
568 907 630 971 ista
662 909 834 990 corporalis
864 910 911 972 sie
939 909 1148 974 custodienda
1175 916 1233 988 est,
1267 918 1305 978 ut

113 1015 245 1077 setiam
268 1014 301 1077 in
325 1013 507 1079 nolentibus
533 1014 570 1078 ab
595 1013 651 1087 eis,
677 1015 809 1096 quiens
834 1015 982 1100 diligunt,
1008 1021 1161 1097 seruetur,
1185 1023 1303 1101 quanto

148 1119 252 1203 magis
280 1120 337 1183 illa
360 1119 525 1203 spiritalis,
553 1119 585 1184 in
610 1121 701 1186 euius
726 1121 906 1186 desertione
930 1142 1015 1187 mors
1039 1127 1167 1187 aeterne
1189 1127 1305 1190 metui-

147 1230 215 1291 tur!
255 1245 448 1309 quamquam
485 1227 515 1290 in
552 1228 617 1293 ista
652 1232 763 1306 morte,
798 1247 893 1310 quam
925 1229 985 1294 tibi
1018 1235 1055 1293 tu
1086 1231 1156 1312 ipse
1188 1231 1305 1295 inferre

147 1334 294 1408 uoluisti,
315 1353 374 1397 non
392 1333 497 1398 solum
512 1333 551 1396 ad
565 1338 694 1416 ternpus
710 1335 766 1398 sed
782 1336 878 1399 etiam
893 1336 924 1398 in
945 1340 1107 1400 aeternum
1126 1340 1304 1415 morereris,

148 1441 235 1521 quia,
265 1441 325 1503 etsi
353 1458 414 1503 non
443 1441 482 1504 ad
511 1442 659 1513 salutern,
689 1459 749 1505 non
780 1442 818 1506 ad
849 1443 1003 1506 ecelesiae
1029 1461 1150 1524 paoem,
1179 1464 1240 1509 non
1265 1446 1305 1509 ad

99 1571 127 1610 ro
149 1547 270 1612 Chusti
306 1547 445 1628 eorporis
485 1547 651 1624 unitatem,
689 1567 749 1612 non
788 1549 828 1613 ad
866 1554 1005 1613 sanatam
1040 1555 1073 1613 et
1104 1550 1303 1615 indIuiduam

148 1654 315 1719 caritatem
336 1653 391 1718 sed
412 1654 451 1717 ad
469 1656 553 1718 mala
572 1655 678 1736 aliqua
702 1657 870 1738 cogereris.
895 1675 953 1720 nee
976 1656 1023 1720 sie
1046 1657 1107 1721 tibi
1128 1657 1199 1740 ipse
1223 1678 1304 1722 mor·

147 1765 216 1825 tem
240 1761 354 1825 inferre
379 1760 528 1825 debuisti.

74 1865 95 1924 5
195 1865 366 1932 Considera
394 1867 569 1949 scripturas
594 1867 719 1931 dtuinae
744 1870 778 1933 et
800 1869 937 1944 discute,
962 1873 1117 1952 quantum
1140 1874 1244 1954 potes,
1273 1880 1324 1936 et·

148 1974 234 2050 uide,
273 1975 382 2038 utrum
419 1974 479 2040 boe
515 1975 628 2038 feeerit
665 1976 782 2058 aliquis
816 1976 985 2058 aliquando
1018 1977 1176 2042 iustorum
1208 1981 1309 2061 atque

99 2102 128 2142 11
147 2079 304 2160 fidelium,
335 2100 408 2146 eum
442 2081 480 2145 ab
515 2082 559 2146 eis
592 2084 680 2146 tanta
708 2083 792 2146 mala
819 2084 962 2165 perpessi
989 2083 1065 2161 sint,
1099 2086 1153 2165 qui
1182 2104 1236 2149 eos
1265 2086 1304 2148 ad

148 2193 312 2253 aeternum
329 2189 493 2253 interitum
508 2207 568 2252 non
584 2189 623 2252 ad
642 2189 743 2253 uitam
763 2195 934 2267 aeternam,
955 2209 1017 2271 quo
1036 2194 1072 2254 tu
1092 2191 1303 2272 compelleris

149 2295 329 2378 adigebant.
358 2295 478 2372 audiui,
502 2295 587 2376 quod
606 2295 720 2359 dixeris
744 2298 927 2378 apostolum
946 2298 1084 2361 Panium
1107 2297 1304 2380 significasse

148 2401 211 2465 hee
239 2401 304 2465 fieri
334 2399 457 2474 debere,
486 2400 542 2463 ubi
571 2401 629 2464 ait:
659 2401 704 2464 nt
732 2401 762 2464 si
788 2400 981 2465 tradidero
1006 2421 1144 2485 eorpus
1171 2424 1303 2482 meum,

142 2505 192 2569 'ut
225 2507 382 2571 ardeam.
421 2507 495 2588 quia
528 2506 679 2571 uidelicet
712 2507 819 2572 omnia
845 2508 929 2571 bona
956 2508 1092 2585 dicebat,
1128 2529 1208 2590 quae
1237 2512 1304 2575 sine

99 2638 128 2676 eo
150 2615 285 2678 caritate
299 2613 378 2678 nihii
392 2617 535 2696 prosunt,
556 2614 642 2677 sicut
656 2615 731 2678 sunt
744 2614 872 2697 linguae
888 2615 1053 2679 hommum
1068 2619 1101 2679 et
1119 2617 1304 2699 angelornm

150 2725 184 2784 et
208 2721 313 2784 omnia
336 2723 534 2785 sacramenta
561 2723 594 2784 et
618 2721 720 2784 omnis
746 2721 879 2784 seientia
902 2726 935 2785 et
958 2722 1059 2785 omnis
1083 2722 1251 2803 prephetia
1274 2728 1306 2787 et

150 2827 255 2892 omnis
287 2826 366 2890 fides
399 2827 454 2900 ita,
487 2829 525 2890 ut
556 2830 681 2892 montes
709 2829 949 2902 transferantur,
984 2831 1017 2890 et
1043 2846 1147 2892 rerum
1175 2848 1306 2892 sitarum

150 2934 564 3016 distributiopanperibus,
587 2934 659 2998 ideo
680 2934 809 2998 uidetur
831 2935 889 2997 tibi
915 2935 1011 2997 etiarn
1036 2935 1097 2997 boe
1120 2935 1202 2998 inter
1223 2936 1307 2999 bona

150 3058 346 3117 numerasse,
375 3043 412 3103 ut
440 3041 501 3104 eibi
526 3040 661 3121 quisque
685 3039 800 3104 inferat
822 3043 966 3104 mortem,
995 3041 1050 3103 sed
1076 3040 1210 3105 adtende
1236 3042 1306 3105 diii-

99 3171 130 3210 11
151 3148 263 3230 genter
290 3149 321 3210 et
354 3165 522 3230 cognosce,
556 3165 649 3228 quern
680 3145 717 3210 ad
746 3147 877 3211 modum
907 3146 993 3210 dieat
1020 3147 1188 3229 scriptura,
1222 3148 1306 3230 qrrod

243 3372 387 3427 181001.
409 3375 449 3434 13,
471 3375 486 3427 3
544 3374 607 3427 191
629 3373 689 3428 Cor.
712 3375 753 3437 13,
776 3375 844 3427 1-3

189 3499 201 3550 I
222 3498 343 3560 moreris,
362 3515 396 3552 m.
417 3501 432 3550 1
450 3513 518 3552 carr.
537 3499 678 3552 morereris
698 3499 725 3551 P
795 3515 845 3552 nes
859 3498 886 3550 P
939 3500 955 3550 2
975 3499 1003 3551 in
1023 3515 1084 3560 11111,
1103 3515 1137 3550 m.
1157 3501 1173 3549 1
1192 3495 1258 3549 add.
1272 3495 1309 3548 M

150 3589 167 3638 3
188 3585 340 3639 saluiititern
360 3589 426 3650 (ras.
448 3587 572 3650 2-31.)
592 3585 620 3638 P
712 3587 729 3638 4
749 3587 800 3654 sie]
821 3586 852 3647 si,
872 3602 906 3639 m.
928 3589 947 3637 2
967 3585 1005 3638 sic
1025 3587 1051 3636 ,1
1161 3589 1261 3636 utone.
1281 3583 1308 3634 P

150 3671 310 3730 bsernetur
328 3690 379 3727 om.
398 3674 426 3727 P
461 3663 678 3729 iidesertionern
697 3673 725 3726 P
760 3675 915 3735 timereris,
935 3690 969 3726 m.
989 3677 1004 3725 1
1023 3689 1092 3726 corr.
1111 3672 1253 3724 urerereris
1272 3671 1309 3723 M

149 3767 167 3818 9
187 3779 241 3816 non
261 3762 295 3816 de
314 3767 359 3828 (m.
380 3765 400 3816 2
418 3761 464 3830 ad)
483 3763 612 3816 ecelesiae
631 3762 659 3815 P
741 3763 771 3814 11
793 3762 846 3815 tibi
865 3764 904 3816 sie
923 3761 950 3813 P
1027 3762 1059 3813 13
1079 3760 1226 3829 scripturas
1247 3765 1306 3812 scas

150 3853 260 3906 diuinas
278 3852 315 3904 M
351 3851 384 3904 14
404 3850 516 3920 aliquid,
536 3869 569 3904 m.
590 3855 610 3904 2
628 3851 773 3920 aliquisG
831 3851 927 3919 adque,
947 3867 981 3902 m.
1002 3853 1022 3902 2
1041 3853 1124 3918 atque
1142 3847 1170 3900 P
1207 3850 1239 3900 lb
1260 3848 1305 3916 qui

151 3941 210 4010 eos]
232 3957 298 4010 quos
317 3939 345 3992 P
390 3939 423 3993 16
444 3939 507 4010 quo]
527 3937 646 4008 qnod'P
692 3941 724 3993 17
745 3939 904 4008 adigebant]
925 3939 953 3991 id
973 3936 1138 4006 agebautR
1182 3937 1215 3990 19
1234 3935 1306 3988 bona

150 4045 212 4096 onze,
231 4045 266 4082 111.
285 4033 300 4081 1
319 4029 385 4081 add.
404 4027 436 4082 F
491 4028 616 4082 dicebaut
634 4029 662 4080 P
678 4028 806 4082 dicebant
828 4025 852 4081 C
894 4029 925 4080 21
943 4043 989 4095 pr.
1010 4026 1109 4094 omnis]
1130 4026 1212 4087 ornni,
1232 4041 1266 4079 111,
1287 4029 1307 4076 2

150 4119 238 4172 omnis
260 4115 284 4170 C
336 4117 370 4172 23
389 4117 643 4188 pauperibuaiideo
663 4117 690 4170 P
713 4118 877 4187 pauperibus
901 4116 989 4185 prosit
1007 4115 1068 4167 ideo
1088 4113 1266 4176 1111101111.
1287 4116 1307 4164 2

149 4207 317 4276 pauperibus
340 4223 393 4259 non
421 4207 508 4276 prosit
530 4205 603 4270 ideo)
627 4205 662 4257 Ρ1
694 4206 793 4273 (prosit
814 4223 848 4258 m.
873 4207 893 4257 2
917 4205 981 4270 det)
1003 4203 1032 4258 R
1059 4202 1119 4256 edd.
1143 4207 1258 4270 praeter
1279 4218 1305 4253 111

149 4299 186 4349 25
205 4311 323 4363 agnosce
343 4296 402 4349 edd.
476 4295 567 4363 quern]
588 4311 668 4362 quarn
686 4296 713 4347 A

1215 4396 1267 4449 41*
