3092 4959
524 447 789 518 epistularum
818 447 893 503 cxi.
1213 453 1273 516 211

127 643 199 708 loeo
223 643 308 707 idem
332 644 512 726 apostolus:
541 643 613 708 Dei
644 643 914 727 agricultura,
940 644 1002 708 dei
1032 644 1278 709 aedificatio

128 751 243 814 estis.
270 750 331 816 hoo
358 753 461 814 toturn
492 750 607 833 agitur,
637 769 709 814 oum
738 751 769 814 in
797 751 857 815 heo
887 754 996 816 nostra
1028 751 1278 834 peregrinatione

127 856 235 920 fides
255 876 325 940 per
343 855 611 921 dilectionem
629 859 833 939 operatur.
853 856 886 921 in
904 857 1012 921 futuro
1029 862 1135 921 autem
1150 858 1278 923 saeculo

127 963 269 1045 perfecta
293 966 325 1027 et
347 963 439 1046 plena
462 963 576 1028 caritas
601 963 667 1028 sine
693 963 759 1028 ulla
778 965 934 1030 malorum
953 965 1117 1028 tolerantia
1137 983 1197 1028 non
1216 962 1278 1028 lide
1339 994 1341 999 ·

91 1093 107 1134 ⁵
128 1069 239 1146 eredit,
264 1069 347 1152 quod
370 1089 430 1134 non
454 1069 553 1148 uidet,
572 1089 629 1133 neo
653 1089 709 1153 spe
733 1070 902 1147 desiderat,
922 1072 1006 1154 quod
1025 1091 1085 1136 non
1105 1075 1202 1143 tenet,
1222 1069 1279 1134 sed

126 1177 160 1239 in
181 1179 343 1240 aeternum
361 1176 507 1240 ueritatis
525 1176 817 1242 incommutabilem
838 1179 976 1259 speciem
1001 1178 1278 1259 contemplabitur,

128 1283 221 1346 euius
255 1283 322 1346 sine
354 1282 415 1346 fine
448 1282 592 1365 quietum
631 1301 711 1366 opus
744 1283 805 1346 erit
834 1283 973 1358 laudare,
1007 1284 1092 1366 quod
1122 1288 1217 1360 amat,
1247 1288 1279 1348 et

127 1409 245 1467 amare,
266 1388 350 1472 quod
372 1389 492 1455 laudat.
516 1390 554 1454 de
575 1391 633 1454 hac
652 1393 882 1472 consequenter
900 1390 990 1456 dicit:
1017 1390 1131 1456 Scire
1156 1391 1278 1454 etiam

127 1497 501 1578 supereminentem
541 1497 756 1562 seientiam
797 1497 989 1562 oaritatis
1029 1497 1196 1576 Christi,
1234 1500 1278 1562 ut

80 1629 107 1668 ιο
127 1604 383 1686 impleamini
408 1605 446 1668 in
472 1623 621 1668 omnem
646 1603 947 1687 plenitudinem
971 1604 1044 1669 dei.

36 1713 77 1773 dl
172 1712 208 1774 In
238 1711 298 1775 hoo
325 1712 475 1794 mysterio
503 1711 604 1795 figura
637 1710 739 1776 oruois
773 1711 960 1775 ostenditur.
994 1712 1048 1793 qni
1081 1711 1176 1788 enim,
1204 1711 1278 1791 quia

126 1817 243 1894 uoluit,
277 1821 422 1882 mortuus
460 1822 520 1894 est,
553 1837 614 1899 quo
652 1817 746 1881 modo
783 1817 897 1894 uoluit,
935 1820 1081 1881 mortuus
1119 1821 1178 1882 est.
1216 1836 1276 1881 non

124 1925 246 1988 frustm
277 1924 377 2007 igitur
408 1924 471 1988 tale
504 1943 604 2007 genus
638 1925 749 1989 mortis
783 1924 891 2009 elegit,
924 1924 986 1987 nisi
1017 1924 1049 1986 in
1082 1943 1118 1987 eo
1151 1941 1277 2005 qnoque

124 2028 307 2094 latitudinis
331 2029 426 2094 huius
450 2032 483 2093 et
504 2029 714 2114 longitudinis
738 2031 770 2094 et
794 2029 972 2094 altitudinis
997 2033 1029 2093 et
1051 2028 1277 2111 profunditatis

80 2161 106 2202 a
126 2137 285 2220 magister
307 2137 465 2200 existeret.
489 2155 562 2201 nam
588 2135 725 2200 latitudo
749 2139 800 2200 ost
821 2137 853 2200 in
878 2156 913 2200 eo
943 2135 1041 2219 ligno,
1066 2135 1150 2217 quod
1177 2139 1278 2200 trans·

126 2261 258 2306 uersum
283 2242 418 2325 desuper
439 2242 561 2327 figitur;
593 2243 653 2306 hoo
676 2243 715 2308 ad
738 2241 821 2308 bona
843 2262 939 2324 opera
961 2243 1107 2325 pertinet,
1132 2243 1207 2325 quia
1232 2242 1278 2306 ibi

126 2349 339 2414 extenduntur
361 2369 484 2414 menne.
506 2349 673 2433 longitudo
697 2350 728 2413 in
753 2368 799 2429 eo,
819 2349 903 2432 quod
923 2350 961 2414 ab
980 2351 1051 2432 ipso
1070 2349 1155 2434 ligno
1176 2368 1277 2430 usque

126 2456 168 2520 ad
190 2461 305 2520 terram
329 2457 536 2540 conspiouum
562 2461 627 2532 est3
652 2457 696 2520 ibi
720 2457 805 2521 enirn
828 2455 965 2538 quodam
988 2456 1083 2520 modo
1108 2459 1220 2530 statur,
1245 2454 1277 2518 id

126 2569 179 2627 est
206 2562 387 2646 persistitur
415 2567 446 2628 et
478 2567 707 2646 perseueratur,
736 2564 821 2646 quod
852 2563 1089 2646 longanimitati
1116 2563 1276 2626 tribuitur.

75 2697 105 2736 eo
126 2671 264 2736 altitudo
289 2673 339 2734 est
361 2670 393 2734 in
418 2669 555 2754 saligni
579 2673 677 2753 parte,
703 2690 783 2752 quae
808 2671 846 2734 ab
869 2671 937 2747 illo,
958 2669 1042 2751 qnod
1060 2675 1278 2734 transuersum

125 2777 248 2861 figitur,
274 2797 399 2842 sursum
424 2797 537 2842 uersus
560 2778 759 2860 relinquitur,
784 2779 845 2842 hoo
868 2781 918 2842 est
941 2777 980 2841 ad
1004 2782 1101 2860 eaput
1127 2775 1277 2852 oruoifixi,

126 2885 201 2967 quia
224 2883 303 2949 bene
327 2886 521 2966 sperantium
546 2905 681 2966 superna
710 2885 885 2968 expectatio
914 2887 973 2948 est.
1002 2884 1065 2947 iam
1093 2901 1168 2947 uero
1196 2881 1277 2945 illud

125 3011 163 3055 ex
180 2991 279 3074 ligno,
300 2990 384 3072 quod
401 3010 462 3056 nou
482 2996 620 3075 apparet,
642 2991 725 3074 quod
743 2991 840 3055 fixum
860 2993 1048 3065 occultatur,
1068 2987 1149 3053 unde
1175 2992 1277 3052 totum

123 3097 207 3162 illud
236 3097 388 3182 exsurgit,
415 3097 662 3180 profunditatem
695 3099 855 3182 significat
886 3099 1043 3182 gratuitae
1077 3094 1210 3177 gratiae,
1243 3094 1276 3157 in

218 3338 659 3408 11001.3,93Ga1.5,6

164 3467 175 3518 l
204 3464 383 3534 agricultura]
407 3465 572 3534 agricultura
596 3465 662 3518 estis
686 3465 745 3518 edd.
765 3481 814 3520 sec.
840 3464 918 3532 Vulp.
1027 3465 1156 3516 inostra
1179 3463 1230 3516 hae
1251 3464 1276 3517 G

122 3553 252 3608 3fideles
265 3553 320 3607 GT
373 3547 732 3624 operanturGeoperfntur
750 3555 776 3608 Τ
809 3553 1082 3622 dcontemplaturl'
1117 3553 1276 3606 tscienriee

122 3643 272 3697 karitatem
290 3641 325 3696 N
338 3659 388 3698 seo.
407 3659 478 3696 eaor.
498 3644 550 3698 litt.
589 3644 620 3696 11
642 3642 714 3711 quia]
731 3641 848 3711 quodN
885 3644 917 3695 12
930 3650 1039 3695 motans
1060 3645 1102 3696 est
1120 3641 1167 3709 qui
1184 3641 1274 3700 modo,

122 3751 159 3786 m.
176 3737 191 3785 1
204 3747 273 3786 corr.
289 3735 410 3785 mortuus
425 3734 467 3785 eat
486 3748 538 3801 quo
554 3731 633 3785 modo
645 3731 672 3784 L
726 3748 779 3800 quo
792 3730 873 3784 modo
889 3731 977 3786 uoluit
992 3733 1114 3784 mortuus
1129 3734 1171 3782 est
1185 3747 1236 3782 oni.
1249 3730 1275 3783 G

124 3820 375 3876 laniantium
392 3819 464 3890 Eup.
521 3822 554 3874 14
573 3820 652 3874 huius
673 3823 701 3873 et
719 3819 900 3888 longitudinis
920 3837 971 3874 om.
994 3819 1020 3871 Τ
1073 3822 1102 3872 et
1120 3817 1274 3871 altitudinis

123 3915 153 3963 et
173 3907 356 3976 longitudinis
373 3907 432 3960 ΕΝ
506 3907 686 3978 profunditas,
705 3925 738 3960 m.
759 3913 773 3960 1
794 3925 861 3964 corr.
881 3907 1076 3978 profunditatis
1095 3907 1121 3958 L
1196 3907 1228 3960 15
1247 3907 1274 3958 in

123 3995 370 4066 eoliguoestN
470 4000 709 4066 quo,m.lcorr.
730 3996 1133 4065 quodunoLOoatquo
1154 4002 1276 4064 assiqua

122 4086 252 4154 Eugipps'
270 4083 348 4139 codd.
432 4087 464 4139 19
482 4085 704 4153 longanimitate,
722 4101 756 4140 m.
776 4091 808 4137 ut
825 4086 885 4138 uid.
905 4091 920 4138 1
938 4101 1007 4138 corr.
1027 4084 1230 4152 longanimitati
1250 4083 1275 4135 L

123 4175 160 4229 20
179 4174 263 4244 ligna,
283 4191 317 4228 m.
336 4180 369 4228 ut
386 4174 444 4227 uid.
464 4178 479 4226 1
497 4190 566 4230 corr.
584 4174 654 4244 ligni
673 4173 699 4226 L
757 4182 835 4244 parte
853 4173 970 4243 lignif'
1028 4171 1134 4242 ipsoT
1187 4177 1275 4224 trans·

124 4273 220 4318 uersu·
238 4263 264 4316 T
303 4265 339 4317 22
358 4263 601 4318 iam-ocoultatur
621 4261 721 4318 om.T
759 4263 794 4316 23
814 4263 936 4333 apparet]
957 4261 1066 4316 uidet-ur
1084 4261 1115 4314 N
1158 4262 1193 4314 24
1212 4277 1274 4329 gra·

124 4351 275 4407 tuitateO

1188 4455 1239 4508 14*
