3092 4959
502 433 770 502 epistularum
801 433 918 490 CLXIX.
1223 435 1286 498 617

131 633 163 692 in
194 647 252 692 sua
280 629 393 690 nutura
415 625 731 701 incommutabiliter,
759 629 790 692 in
816 647 878 711 qus
901 629 980 692 nihil
1005 629 1186 712 compositi,
1215 648 1288 693 cum

131 755 196 818 quo
222 734 381 798 subsistat
403 733 470 798 ulla
494 735 661 817 phantasia
685 736 815 800 humani
839 736 945 814 animi,
974 736 1203 818 suspicandum
1229 747 1288 800 est.

130 842 254 925 legitur
286 841 429 922 quidem:
462 841 508 904 Et
541 841 704 922 spiritus
738 842 954 924 sapientiae
982 844 1197 926 multiplex,
1232 843 1287 908 sed

130 951 220 1012 rests
249 947 366 1011 dicitur
394 947 490 1011 etiam
520 947 668 1030 simplem
698 949 867 1031 multiplex
890 949 985 1026 enim,
1014 950 1164 1031 quoniam
1187 951 1289 1014 multa

95 1057 221 1130 5811111,
246 1073 328 1136 quas
349 1054 456 1132 habet,
481 1055 616 1137 simplex
640 1061 757 1132 autem,
784 1057 942 1139 quianon
968 1056 1065 1132 aliud,
1086 1077 1181 1139 quam
1206 1056 1289 1138 quod

130 1161 241 1236 habet,
270 1165 329 1235 est,
360 1159 446 1224 siuut
474 1160 579 1225 dictus
610 1165 659 1225 est
686 1161 772 1225 lilius
802 1162 939 1226 habers
963 1164 1082 1226 uitam
1107 1163 1143 1226 iu
1168 1168 1289 1227 semet
1368 1201 1370 1204 >

130 1269 215 1349 ipso
236 1271 268 1331 st
287 1266 396 1331 sudem
416 1267 484 1331 uita
502 1268 570 1350 ipss
595 1271 653 1331 est.
682 1268 778 1332 homo
799 1271 905 1331 autem
931 1269 1029 1332 uerbo
1054 1270 1202 1344 accessit,
1227 1289 1287 1334 non

130 1376 268 1438 uerbum
306 1375 336 1438 iu
374 1373 535 1438 hominem
573 1375 827 1439 conuertibilitsr
863 1376 1013 1448 accessit3
1052 1379 1147 1458 utque
1179 1377 1226 1440 its
1259 1380 1291 1440 st

131 1481 219 1545 filius
254 1481 304 1544 dei
338 1481 436 1544 simul
469 1500 540 1545 cum
575 1481 702 1544 homins
736 1486 888 1563 suscepto
922 1481 1049 1546 dieitur.
1088 1482 1171 1546 unde
1203 1482 1290 1545 idem

82 1615 110 1654 ιο
132 1588 220 1652 filius
252 1587 300 1651 dei
335 1587 608 1652 incommutabilis
642 1593 691 1652 est
723 1591 819 1670 atque
848 1593 1034 1652 coaeternus
1062 1589 1146 1670 patri
1173 1589 1230 1653 ssd
1257 1589 1289 1652 in

130 1696 231 1758 iisrbo
256 1696 325 1759 solu
351 1697 383 1758 et
407 1694 554 1776 sepultus
579 1699 629 1758 est
652 1695 737 1759 iilius
762 1695 813 1758 dei
837 1695 893 1760 ssd
917 1696 949 1759 iu
974 1715 1065 1760 caius
1090 1697 1168 1761 sola.

58 1815 78 1876 8
180 1801 325 1877 Proinde,
360 1820 441 1883 quas
470 1800 508 1865 ds
538 1802 603 1866 filio
633 1801 683 1866 dsi
714 1803 813 1865 uerba
840 1802 1001 1877 dicuntur,
1029 1803 1201 1866 uidendum
1231 1806 1289 1877 ssi,

132 1907 310 1972 secundum
331 1907 407 1990 quid
427 1907 583 1972 dieantur.
607 1909 771 1972 nonenim
797 1906 925 1972 homine
949 1908 1119 1990 adsumpto
1143 1926 1291 1990 persona-

131 2034 203 2077 rum
224 2033 374 2079 numerus
394 2019 508 2078 suctus
529 2018 588 2080 est.
609 2015 665 2079 ssd
685 2016 795 2078 eadem
814 2015 941 2079 trinitas
961 2016 1088 2080 mansit.
1113 2035 1185 2078 nam
1207 2017 1291 2080 sicut

82 2123 163 2186 15111
204 2121 331 2185 homine
369 2121 514 2203 quolibet
551 2125 675 2205 praeter
711 2141 811 2185 unum
848 2122 952 2197 illum,
995 2123 1049 2203 qui
1087 2123 1292 2206 singulariter

132 2233 307 2310 susceptus
328 2231 387 2304 est,
413 2227 569 2292 animast
589 2247 703 2311 corpus
724 2247 788 2292 uua
805 2247 941 2311 persona
960 2234 1019 2305 est,
1045 2230 1091 2293 ita
1109 2231 1141 2293 in
1162 2229 1291 2295 Christo

132 2336 267 2399 uerbum
289 2339 322 2398 et
344 2335 439 2399 humo
463 2355 526 2399 uns
548 2355 683 2418 persona
707 2339 766 2402 est.
793 2341 825 2401 et
849 2337 935 2400 siuut
956 2337 1050 2402 homo
1075 2337 1166 2400 uerbi
1189 2338 1290 2420 grstia

130 2441 346 2524 philosophus
380 2461 440 2506 non
474 2443 600 2525 utiqus
619 2443 681 2506 nisi
714 2442 889 2508 secundum
923 2444 1061 2507 animam
1090 2443 1290 2508 diuturnus

131 2549 204 2613 ideo
230 2552 335 2612 tumen
360 2549 497 2613 absurde
521 2549 576 2612 sed
602 2551 890 2633 congruentissima
914 2554 947 2614 et
969 2549 1183 2614 usitatissima
1204 2550 1291 2614 loeu-

82 2681 112 2720 m
132 2656 220 2719 tione
254 2654 389 2718 dicimus
418 2656 643 2738 philosophum
682 2675 823 2733 cussum,
858 2657 1083 2739 philosophum
1115 2662 1289 2722 mortuum.

132 2762 361 2844 philosophum
391 2764 564 2843 sepultum,
593 2782 667 2827 cum
690 2767 796 2827 totum
821 2763 996 2828 secundum
1020 2783 1145 2827 caruem
1169 2763 1291 2828 accidat

134 2887 196 2932 nou
219 2869 393 2933 secuudum
413 2869 504 2943 illud,
529 2868 614 2951 quod
638 2875 689 2933 est
711 2869 934 2952 philosophus,
959 2870 1005 2933 ita
1029 2869 1176 2934 Christus
1201 2870 1290 2936 deus,

134 2976 187 3038 (lei
215 2975 312 3040 filius.
342 2975 490 3039 dominus
520 2977 639 3060 gloriae
669 2985 701 3040 et
730 2977 758 3041 si
784 2977 859 3058 quid
883 2978 980 3041 huius
1004 2977 1090 3040 modi
1114 2977 1290 3040 secuudum

135 3083 269 3147 uerbum
305 3083 421 3146 dicitur
449 3088 614 3148 ettamen
638 3086 723 3148 recte
754 3085 871 3147 dicitur
898 3085 978 3148 deus
1006 3084 1184 3162 crucifixus,
1219 3103 1289 3148 cuni

83 3215 113 3254 ss
136 3191 196 3253 lise
221 3209 292 3254 sum
318 3190 491 3254 seeundum
516 3209 641 3254 caruem
666 3210 797 3272 passum
823 3210 893 3254 esse
917 3210 978 3255 uon
999 3191 1174 3255 secundum
1198 3191 1290 3256 illud.

135 3295 222 3378 quod
246 3296 393 3361 dominus
419 3297 537 3380 gloriae
562 3301 621 3372 est,
646 3317 706 3362 non
731 3297 887 3362 habeatur
909 3299 1075 3362 incertum.

228 3595 244 3646 3
264 3591 327 3664 sap.
347 3595 372 3658 τ,
392 3595 427 3646 22
461 3557 498 3646 's
518 3594 576 3648 Ioh.
596 3597 621 3658 5,
640 3596 688 3657 us
712 3595 753 3662 14,
773 3595 789 3647 6

176 3772 187 3823 1
210 3773 237 3824 iu
258 3787 310 3839 quo
329 3771 356 3824 P
478 3788 537 3825 uum
558 3789 610 3841 quo
631 3773 764 3825 subsistat
782 3788 843 3835 om,
863 3790 896 3824 m.
917 3777 932 3824 1
950 3772 981 3824 in
999 3771 1052 3837 inf.
1072 3788 1155 3840 simp,
1177 3772 1242 3824 add.
1262 3773 1295 3825 H

135 3897 302 3952 unllaom.
326 3896 351 3948 Τ
404 3895 616 3950 unimihumuni
636 3897 669 3949 H
720 3896 822 3965 lquis
846 3895 873 3950 U
925 3875 1019 3949 'linxits
1039 3875 1292 3964 estlpse(sic!)R

135 3991 152 4034 >l
174 3985 392 4040 conuerlibiIiter
412 3985 594 4038 inhominem
618 3985 762 4040 THRVU
851 3987 892 4038 ita
911 3986 950 4053 et]
971 3990 1000 4038 et
1018 3985 1058 4037 itii
1082 3983 1108 4036 U
1196 3986 1291 4038 scum

135 4077 266 4144 suscepto
285 4073 394 4126 homine
418 4072 560 4127 THRVU
633 4075 664 4126 11
686 4081 713 4126 ut
731 4097 760 4123 ιο
779 4073 817 4131 (iu
837 4078 920 4140 eras.)
944 4073 970 4124 V
1042 4074 1075 4126 16
1093 4073 1214 4126 ita-est
1232 4090 1292 4133 om..

136 4164 249 4218 uu1in
266 4161 549 4231 iuf.murp.udd.H
585 4164 616 4215 17
634 4163 755 4232 uerbum]
774 4151 822 4216 i'h'u
842 4163 917 4229 (del.)
934 4162 1047 4215 uerbum
1070 4161 1096 4214 Τ
1149 4164 1182 4216 19
1201 4167 1293 4216 tamen

134 4255 199 4308 ideo
223 4253 249 4306 T
320 4253 355 4306 22
374 4251 474 4320 quoR
547 4250 943 4320 25lioceum]sumhocT
1010 4253 1044 4304 ‘26
1065 4267 1116 4319 quo
1140 4251 1191 4304 ΤΒ
1203 4253 1293 4319 slm;

136 4346 172 4413 «f.
194 4359 235 4411 ep.
259 4341 468 4395 CLXXXVII
488 4343 505 4393 9
