3092 4959
306 413 372 476 284
660 411 686 468 S.
715 412 856 466 Aureli
882 413 1103 482 Augustini
1173 433 1178 438 ·

305 605 451 670 uiderant
472 606 670 685 morientem,
692 607 796 690 ipsam
825 612 929 673 tamen
959 610 1232 691 resurrectionem,
1256 629 1328 675 cum
1355 609 1447 686 fieret

305 729 366 776 non
388 711 547 791 uiderunt,
571 713 720 779 sedeam
744 714 921 780 certissime
945 713 1146 780 crediderunt
1171 715 1311 780 nidendo
1334 719 1368 780 et
1388 719 1448 780 tsn-

305 819 407 903 gendo
431 820 556 899 uiuum,
579 839 673 903 quem
696 825 853 887 nouerant
874 826 1048 888 mortuum.
1071 842 1129 888 nos
1152 827 1257 888 totum
1285 821 1448 898 credimus,

305 928 337 990 et
365 927 450 1009 quod
481 927 686 992 resurrexerit
718 932 752 992 et
788 928 873 1010 qnod
901 928 940 994 eb
973 929 1158 994 hominibus
1189 932 1268 994 tunc
1299 929 1391 994 uisus
1421 936 1449 992 et

304 1037 519 1100 contrectatus
538 1033 582 1098 sit
600 1039 632 1099 et
650 1034 736 1118 quod
754 1053 837 1101 nuno
855 1035 948 1100 uiuet
969 1036 1001 1100 in
1020 1035 1117 1101 caelis
1140 1053 1199 1100 nec
1216 1035 1280 1100 iem
1304 1035 1449 1100 moriatur
1472 1056 1483 1094 s

304 1147 337 1207 et
358 1159 446 1206 mors
468 1141 496 1206 ei
520 1141 606 1206 ultro
627 1160 689 1206 non
713 1141 903 1207 dominetur.
937 1161 987 1209 res
1011 1145 1118 1208 antem
1140 1143 1211 1225 ipse
1233 1161 1292 1207 nec
1315 1142 1448 1226 corporis

304 1248 405 1314 nostri
428 1247 575 1313 sensibus
603 1248 705 1325 adest,
738 1249 824 1314 sicut
851 1249 942 1315 adest
969 1250 1030 1315 hoc
1058 1251 1181 1316 coelum
1207 1253 1240 1315 et
1272 1253 1365 1327 ternu
1398 1267 1447 1314 noo

303 1359 430 1420 nostroe
466 1355 584 1422 mentis
617 1355 796 1434 obtutibus,
830 1356 915 1422 sicut
946 1357 1038 1423 adest
1068 1357 1147 1422 fides
1183 1357 1265 1440 ipso,
1297 1375 1361 1441 qna
1395 1357 1446 1422 hoo

304 1461 475 1528 credimus.

239 1561 278 1625 ll
350 1567 411 1635 Sed
435 1568 499 1634 inm
523 1568 613 1648 sutis,
632 1571 670 1634 ut
691 1573 782 1652 puto,
800 1568 866 1635 istu
883 1588 955 1634 men
972 1570 1208 1654 praelocutione
1226 1569 1444 1655 recognonisti.
1459 1591 1480 1629 n

304 1673 381 1760 qnid
404 1675 448 1741 sit
469 1676 579 1742 uidere
601 1676 656 1740 uel
678 1679 784 1742 mente
811 1676 865 1741 uel
893 1695 1022 1760 corpore
1053 1681 1085 1742 et
1112 1677 1190 1759 quid
1213 1676 1253 1741 ab
1283 1677 1331 1741 eis
1358 1675 1445 1740 disto

303 1785 440 1850 credere.
469 1783 553 1868 quod
586 1782 714 1866 quidem
742 1783 780 1847 fit
806 1786 912 1848 mente
941 1785 974 1847 et
999 1782 1128 1848 uidetur
1159 1786 1276 1862 mente,
1306 1781 1442 1866 quonian

303 1890 402 1954 menti
432 1895 558 1956 nostroe
588 1889 669 1956 fides
701 1894 810 1956 nostra
842 1889 1014 1972 conspicue
1045 1893 1107 1956 est.
1135 1889 1192 1955 sed
1218 1893 1337 1968 temen,
1368 1885 1441 1972 quod

301 1997 413 2062 eadem
435 1996 497 2062 tide
521 1997 670 2075 creditur,
689 1997 781 2062 obest
804 1999 836 2060 et
859 1997 897 2061 eb
922 2001 1052 2080 aspectu
1076 1997 1216 2080 corporis
1239 1997 1350 2074 nostri,
1368 1997 1440 2061 sicut

302 2103 395 2168 abest
416 2121 543 2185 corpus,
566 2103 599 2166 iu
623 2122 686 2186 quo
706 2103 853 2168 Christus
876 2103 1058 2182 resurrexit,
1078 2106 1111 2168 et
1129 2103 1167 2168 ob
1187 2105 1319 2187 aspectu
1337 2103 1475 2167 mention

301 2211 442 2288 alterins,
457 2210 544 2274 siout
561 2209 653 2275 obest
670 2211 709 2275 ub
729 2213 863 2292 aspectu
882 2210 998 2274 mentis
1016 2228 1106 2275 mene
1124 2209 1204 2276 fides
1222 2213 1291 2289 nro,
1306 2209 1436 2294 quemuis

301 2335 371 2382 eam
395 2317 521 2383 esseio
544 2320 577 2380 te
600 2316 736 2390 credam.
761 2335 835 2381 cnm
863 2335 933 2380 eam
960 2336 1022 2382 non
1049 2316 1175 2382 uideam
1205 2335 1344 2400 corpore,
1366 2313 1435 2398 quod

300 2432 422 2489 noctu
450 2427 552 2508 potes,
580 2442 639 2488 nec
669 2426 786 2502 mente,
815 2421 900 2508 qnod
928 2426 964 2487 tu
996 2425 1101 2506 potes,
1128 2423 1215 2490 siunt
1246 2441 1306 2509 ego
1337 2440 1434 2492 menn.

301 2550 396 2615 quem
428 2534 466 2596 tu
497 2549 559 2596 non
592 2535 696 2616 potes.
729 2550 833 2596 nemo
866 2531 969 2595 enim
1007 2530 1093 2610 soit,
1127 2530 1218 2615 qnid
1250 2533 1379 2616 agatur
1404 2529 1433 2592 iu

302 2638 463 2716 homine,
482 2637 560 2702 nisi
583 2637 747 2720 spiritus
770 2637 948 2716 hominis,
972 2637 1035 2722 qui
1063 2637 1099 2702 in
1127 2637 1210 2721 ipso
1240 2643 1309 2716 est,
1336 2637 1473 2701 donecso

300 2743 432 2809 ueniet
460 2742 645 2818 dominus,
670 2743 734 2826 qui
763 2745 801 2808 et
827 2743 1073 2815 inluminabit
1100 2743 1327 2808 abscondito
1351 2747 1432 2808 tene

299 2850 449 2915 brorum
473 2853 511 2915 et
533 2849 799 2915 manifestabit
821 2849 1080 2934 cogitationes
1104 2849 1240 2928 cordis,
1260 2854 1298 2916 ut
1316 2869 1365 2914 ees
1382 2863 1430 2911 non

300 2957 405 3022 solum
438 2957 574 3040 quisque
605 2975 682 3022 snos
712 2955 823 3020 uident
856 2955 911 3020 sed
945 2959 978 3020 et
1008 2955 1154 3023 eliorum.
1183 2957 1356 3022 secundum
1383 2954 1431 3016 loo

301 3065 384 3129 enim
408 3063 488 3129 dixit
506 3062 673 3147 spostolus
687 3062 846 3127 neminem
861 3063 953 3142 scire,
968 3063 1058 3146 quid
1077 3067 1211 3148 agatur
1233 3065 1270 3129 in
1293 3061 1430 3132 bomine,

389 3310 405 3362 5
424 3307 501 3364 Rom.
521 3308 548 3373 6,
565 3308 582 3361 9
638 3307 683 3372 19;
704 3306 772 3360 241
792 3305 852 3361 Cor.
872 3307 897 3374 2,
919 3307 949 3361 11
1007 3307 1041 3362 20
1059 3307 1074 3362 Ι
1093 3305 1154 3362 Cor.
1173 3309 1199 3370 4,
1219 3309 1235 3362 5

334 3433 471 3500 dtotum]
490 3433 599 3486 tentum
617 3432 645 3484 A
689 3433 793 3484 dtuno
812 3431 846 3485 sb
865 3431 1020 3486 bominibus
1039 3431 1076 3485 M
1119 3431 1197 3489 oilli
1216 3432 1278 3488 edd.
1296 3447 1344 3487 seo.
1365 3425 1429 3494 Vnic-

299 3522 314 3573 7
333 3522 434 3575 nostris
455 3518 518 3572 ΤΤ1
626 3519 733 3574 odillest
750 3524 860 3589 (parua
875 3525 946 3587 rue.)
968 3519 991 3575 0
1097 3521 1169 3576 sicut
1188 3521 1279 3592 odest]
1298 3521 1364 3575 sicut
1378 3517 1429 3588 (cn-

298 3608 388 3676 odest)
404 3608 432 3662 L
476 3609 622 3662 8nostrse
640 3625 692 3662 om.
711 3608 739 3662 L
811 3609 962 3674 obtutibus,
981 3625 1016 3664 m.
1038 3609 1230 3664 dobtuitibus
1248 3613 1276 3664 Δ
1321 3608 1353 3664 10
1363 3606 1428 3658 „im

297 3701 338 3765 (et
356 3699 439 3764 erm.)
456 3697 491 3750 H
578 3697 643 3767 ists]
662 3699 690 3751 in
710 3699 766 3752 isto
784 3699 812 3752 P
900 3698 1090 3768 prolocutione
1107 3697 1146 3753 H
1238 3689 1429 3768 recognolinisti

297 3787 493 3855 (pensuros.)
515 3784 712 3855 Ocognouisti
732 3786 758 3840 T
804 3787 834 3841 11
855 3783 935 3840 liti'
979 3787 1013 3841 12
1031 3789 1121 3842 mente
1140 3788 1173 3842 fit
1193 3787 1231 3842 1·ι
1274 3779 1428 3856 loquenti·

298 3883 353 3941 (sm
371 3891 406 3929 erc
423 3891 493 3930 corr.
512 3875 750 3943 m.1;sus'tneis
769 3873 796 3942 ἕ)
815 3875 850 3928 H
947 3876 979 3930 17
999 3875 1186 3940 iutercredsm
1205 3893 1241 3930 us
1260 3877 1323 3932 2iu
1341 3879 1366 3928 te
1382 3883 1426 3924 cre·

298 3963 411 4018 dsmF
462 3964 495 4017 18
512 3979 563 4018 nec
580 3966 623 4032 tu]
642 3967 674 4016 tu
692 3963 848 4034 necsipm'e
870 3962 1000 4030 ΜΨ)
1019 3964 1136 4022 como
1244 3953 1427 4019 neomuto

298 4069 348 4106 ne·
366 4053 393 4123 (c
411 4053 495 4122 eras.)
511 4051 546 4106 H
561 4051 657 4106 nonL
710 4055 920 4122 mente-potes
939 4069 1008 4109 ne..
1027 4069 1088 4122 om„
1107 4070 1142 4108 m.
1158 4055 1222 4108 tin
1235 4039 1428 4124 corpusculi

300 4143 333 4196 19
353 4142 424 4196 enim
443 4157 505 4204 om..
523 4158 558 4197 m.
578 4145 599 4195 2
616 4157 638 4196 s.
656 4158 684 4195 u.
705 4139 819 4196 addo
908 4142 941 4196 21
963 4143 1057 4196 ueniet
1073 4139 1100 4195 L
1118 4143 1196 4198 uenit
1218 4143 1255 4197 T¹
1330 4139 1370 4212 qui
1384 4149 1424 4190 ⁰¹·

303 4228 538 4284 HOHMFAPL
556 4229 617 4284 cdd.
693 4230 840 4284 inluminet
858 4229 1008 4284 HMFAP
1024 4229 1084 4286 edd.
1158 4231 1193 4286 22
1212 4231 1362 4288 manifestet
1376 4219 1423 4278 edd·

298 4318 499 4373 uerecundum
519 4319 590 4372 enim
610 4319 661 4373 boo
683 4317 799 4372 TY¹OL
