3092 4959
546 352 809 422 epistularum
838 353 913 408 CXL.
1242 362 1304 425 163

156 546 321 629 adoptaret
353 547 435 612 filios
473 549 648 613 bominum.
687 554 879 632 quapropter
915 551 1010 615 etiam
1048 571 1120 615 cum
1160 553 1306 618 dixisset:

156 653 271 717 Dedit
295 655 349 718 eis
373 659 603 738 potestatem
629 657 735 722 lilios
761 657 819 721 dei
849 658 947 734 ficri,
977 657 1170 741 modumque
1199 661 1307 724 adiuu-

155 760 264 839 xisset,
289 781 326 824 ne
351 762 484 826 carnalis
509 762 747 846 intellegeretur
771 764 933 840 natiuitas,
953 764 1038 846 quod
1062 765 1186 830 scilicet
1209 767 1256 830 eis
1273 767 1308 830 id

156 867 357 947 praestiterit,
388 869 450 950 qui
480 871 637 934 credunt
664 873 699 935 in
729 870 875 935 nomina
908 872 989 935 eius
1022 875 1055 936 et
1086 891 1140 954 per
1172 872 1306 957 gratiam

119 977 364 1038 erenaecuntur
400 976 575 1058 spiritalem
617 997 686 1041 non
729 996 769 1040 ex
812 977 1064 1061 sanguinibus
1106 997 1224 1061 neque
1267 999 1307 1042 ex

154 1081 357 1146 uoluntate
382 1083 457 1146 uiri
480 1103 602 1166 neque
627 1103 667 1148 ex
691 1085 894 1148 uoluntate
918 1085 1042 1148 carnis
1071 1084 1135 1148 sed
1167 1105 1206 1148 ex
1229 1086 1305 1162 dec,

154 1206 225 1251 mon
259 1190 494 1254 commendauit
531 1191 626 1254 huius
665 1192 754 1273 quasi
792 1191 1026 1256 uicissitudinis
1063 1198 1306 1257 sacramentum.

154 1298 316 1377 tamquam
342 1299 423 1360 enim
448 1297 554 1362 mirati
582 1301 705 1363 tantum
734 1298 852 1364 bonum
880 1318 941 1362 nou
971 1297 1160 1363 auderemus
1188 1304 1306 1381 optare,

155 1403 265 1466 statim
282 1403 459 1468 subiunxit:
480 1405 526 1468 Et
540 1405 694 1468 uerbum
716 1424 800 1469 caro
820 1406 962 1468 factum
983 1410 1040 1469 est
1059 1409 1096 1469 et
1114 1407 1308 1470 habitauit

109 1531 135 1568 οο
155 1510 189 1574 in
216 1510 335 1586 nobis,
357 1510 440 1593 quod
466 1531 563 1574 unum
589 1518 638 1575 eet
667 1531 702 1576 ex
730 1513 868 1594 quinque
898 1512 973 1589 illis,
1003 1532 1082 1593 quae
1109 1513 1167 1576 tibi
1196 1513 1308 1594 exponi

155 1617 299 1694 uoluisti,
329 1620 491 1700 tamquam
520 1617 650 1682 diceret:
679 1617 704 1682 Ο
734 1619 891 1683 homines!
922 1619 1020 1683 nolite
1049 1619 1214 1699 desperare
1246 1638 1305 1684 uos

154 1723 222 1787 fieri
245 1742 341 1805 posse
364 1723 447 1789 filios
472 1724 532 1802 dci,
558 1725 631 1807 quia
655 1728 686 1788 et
710 1726 778 1806 ipse
801 1723 887 1788 filius
912 1724 972 1800 dei,
993 1725 1052 1788 boc
1077 1727 1128 1788 est
1150 1725 1305 1788 uerbum

156 1831 207 1894 dci
231 1849 315 1894 caro
340 1831 481 1895 lactum
505 1835 563 1896 est
587 1836 624 1895 et
647 1831 834 1895 habitauit
853 1831 888 1895 in
909 1831 1027 1895 nobis.
1049 1831 1170 1894 reddite
1190 1831 1304 1906 uicem,

155 1936 318 2001 efficimini
354 1939 486 2021 spiritus
523 1941 555 2002 et
590 1937 731 2001 habitate
767 1937 798 2000 in
831 1937 897 2014 illo,
931 1938 984 2019 qui
1013 1956 1084 2001 caro
1117 1937 1222 2002 factus
1256 1941 1306 2000 est

109 2064 134 2104 ιο
155 2049 187 2108 et
224 2044 384 2109 habitauit
418 2047 450 2109 in
488 2045 589 2108 nobis,
636 2063 736 2126 neque
774 2045 857 2108 enim
890 2045 951 2108 iarn
990 2045 1219 2126 desperandum
1257 2047 1307 2108 est
1361 2063 1366 2070 ·

154 2152 396 2232 participatione
421 2151 509 2216 uerbi
529 2150 596 2215 ficri
614 2170 708 2234 posse
728 2151 873 2214 homiues
893 2150 975 2214 filios
995 2151 1056 2229 dai,
1076 2151 1200 2232 quando
1220 2149 1305 2214 filius

155 2257 207 2323 dei
231 2259 473 2341 participatione
497 2258 597 2322 earnis
621 2259 725 2321 factus
750 2261 800 2321 est
823 2257 908 2322 filius
933 2256 1078 2322 hominis.

60 2359 106 2421 12
199 2365 267 2430 Nos
303 2365 412 2447 itaque
449 2365 618 2429 mutabiles
654 2365 687 2428 iu
725 2365 840 2428 melius
879 2364 1095 2428 commutandi
1135 2364 1306 2446 participes

155 2471 312 2536 efficimur
331 2473 433 2546 uerbi;
459 2472 591 2536 uerbum
611 2474 716 2535 antem
736 2470 997 2534 incommutabile
1017 2470 1096 2533 nibil
1114 2470 1145 2532 in
1166 2469 1306 2534 deterius

108 2599 135 2640 ao
154 2582 388 2642 commutatum
420 2580 576 2660 particeps
615 2579 715 2642 carnis
754 2577 901 2641 effectum
940 2580 990 2640 est
1025 2576 1170 2640 rationali
1203 2577 1307 2640 anima

154 2685 323 2750 mediante.
346 2704 446 2766 neque
466 2685 549 2748 enim
570 2684 663 2749 bomo
680 2683 836 2760 Christus,
853 2683 1142 2764 utApollinaristae
1157 2682 1306 2747 baeretici

155 2796 359 2874 putauerunt,
381 2795 515 2856 autnon
534 2791 647 2854 babuit
666 2792 799 2854 animam
821 2795 876 2854 aut
894 2809 955 2854 non
974 2789 1088 2852 babuit
1105 2790 1304 2864 rationalem

155 2900 211 2964 sed
235 2919 322 2962 more
347 2918 404 2962 suo
429 2899 595 2978 scriptura.
620 2901 657 2958 ut
682 2895 800 2960 Christi
825 2897 1037 2961 humilitatem
1067 2895 1169 2978 magis
1199 2899 1305 2958 osten·

155 3007 252 3074 deret.
263 3025 301 3069 ne
312 3006 413 3069 carnis
428 3024 540 3068 nomen
557 3005 647 3086 quasi
659 3003 826 3085 iudignum
838 3000 1126 3084 aliquidrefugisse
1136 2999 1306 3078 uideretur,

103 3136 132 3175 aa
154 3132 278 3176 carnem
309 3132 363 3194 pro
392 3112 518 3175 bomine
547 3111 663 3193 posuit.
692 3129 794 3191 neque
823 3110 917 3184 enim,
946 3109 1020 3188 quia
1053 3107 1207 3188 scripturn
1241 3108 1304 3169 est:

156 3218 312 3281 Videbit
339 3219 457 3282 omnis
487 3237 570 3282 carc
605 3219 775 3282 salutare
805 3216 876 3291 dei,
905 3215 1027 3278 animae
1060 3214 1104 3277 ibi
1138 3233 1198 3276 non
1231 3215 1307 3275 sunt

151 3323 396 3406 intellegendae.
421 3325 499 3388 nibil
523 3323 652 3406 proinde
677 3323 762 3386 eliud
787 3323 908 3385 dictum
938 3324 1000 3385 est:
1033 3320 1190 3383 Verbum
1220 3337 1303 3382 caro

243 3587 272 3650 23
293 3586 323 3650 4;
344 3589 359 3640 9
379 3586 434 3643 lob.
458 3589 480 3652 1,
503 3585 607 3638 12-14
662 3583 697 3636 26
718 3582 760 3634 Es.
780 3581 824 3647 40,
845 3583 860 3632 5
880 3597 932 3633 sec.
954 3579 1098 3647 Septuag.;
1120 3579 1184 3632 Luc.
1203 3578 1227 3644 3,
1248 3579 1263 3630 6

187 3733 202 3784 7
224 3731 304 3800 quasi
316 3729 397 3782 huius
412 3727 472 3783 edo.
522 3729 538 3782 9
554 3726 691 3779 habitauit
704 3741 736 3777 ea
749 3739 813 3784 raa,
827 3723 889 3790 suit
902 3720 1041 3773 habitabit
1058 3720 1083 3772 Τ
1133 3719 1164 3771 11
1182 3735 1196 3768 ο
1212 3735 1262 3770 oar.
1282 3716 1307 3768 Τ

186 3837 267 3891 posse
292 3836 341 3872 uos
366 3818 423 3870 fieri
446 3817 471 3868 Τ
562 3817 593 3868 13
617 3813 787 3867 reddite—in
808 3812 886 3863 nobie
910 3808 1008 3862 om.O
1116 3807 1211 3873 redite,
1231 3807 1306 3857 aad

150 3908 308 3966 redditcT
376 3908 408 3960 14
429 3904 628 3958 efficiaminiG
703 3904 735 3954 lo
756 3899 1106 3965 uobisedd.praeterar
1179 3896 1211 3947 18
1231 3911 1303 3946 conr-

148 3999 251 4054 mutati
270 4015 297 4052 m
352 3991 596 4063 superteneat
669 3991 780 4044 effectus
799 3992 822 4056 (s
842 3990 913 4054 exp.)
936 3987 960 4040 Τ
1027 3988 1059 4038 21
1081 3987 1117 4045 in,
1136 4001 1171 4036 m.
1191 3986 1210 4035 2
1230 3986 1259 4033 ut
1282 3980 1307 4032 Τ

149 4093 183 4143 22
204 4083 372 4141 animumO
443 4085 477 4137 25
498 4099 576 4136 carne
596 4081 622 4134 L
700 4081 734 4132 26
755 4077 861 4130 uidebit
879 4094 912 4129 em
930 4091 999 4128 corr.
1019 4092 1052 4126 m.
1074 4079 1095 4135 1,
1109 4073 1170 4141 fuit
1189 4067 1304 4123 uiditL

148 4181 183 4232 27
204 4176 275 4231 nibil
296 4173 417 4244 proinde,
434 4173 544 4238 proretis
564 4186 632 4223 corr,
653 4167 764 4238 proinde
785 4166 854 4219 nihil
876 4165 901 4218 G
968 4169 1034 4232 port
1053 4166 1096 4215 est
1113 4177 1168 4215 roa.
1189 4162 1230 4212 20
1242 4158 1304 4225 fera

149 4268 178 4335 1,,
199 4281 317 4334 qaorum
338 4267 473 4315 eat-remae
491 4265 572 4314 mont
592 4261 635 4312 est
653 4258 679 4310 L

1220 4350 1267 4404 ll*
