3092 4959
519 419 786 488 epistularum
815 419 932 475 CLXIX.
1234 425 1299 490 615

144 611 329 684 subsistere.
353 631 410 676 uec
430 631 621 694 quemquam
643 613 768 678 liberari
794 633 812 677 a
834 618 923 697 patre
948 615 1016 678 sine
1039 615 1106 679 tilio
1131 620 1164 678 et
1187 616 1302 698 spiritu

143 722 253 782 sancto
284 723 340 782 aut
368 738 386 781 a
414 718 479 782 filio
509 718 576 782 sine
606 722 694 800 patre
723 722 757 782 et
784 718 899 800 spiritu
929 726 1040 784 sancto
1065 724 1121 784 aut
1143 741 1162 784 a
1186 721 1301 804 spiritu

142 828 253 889 sancto
278 825 345 890 sine
369 832 458 908 patre
483 829 515 890 et
537 825 603 889 lilio
624 825 680 890 sed
700 845 716 889 a
737 830 825 909 patre
850 830 881 889 et
904 825 970 891 filio
995 831 1028 890 et
1051 827 1167 909 spiritu
1192 833 1301 893 sancto

140 951 204 996 uno
229 951 305 996 uero
324 951 465 1014 uereque
488 933 660 1006 inmortali,
686 932 718 996 id
742 940 792 996 est
816 933 902 998 omni
926 933 1020 998 modo
1045 935 1301 998 incommutabili

106 1039 211 1102 ssolo
232 1038 300 1102 deo.
325 1039 427 1102 multa
446 1043 552 1104 autam
574 1040 670 1102 etiam
691 1040 862 1121 separatim
886 1041 917 1104 in
938 1041 1104 1122 scripturis
1129 1041 1168 1105 de
1191 1041 1299 1125 singu-

139 1144 182 1208 lis
217 1144 290 1222 dici,
323 1149 361 1209 ut
393 1145 574 1210 insinuetur
606 1147 754 1227 quamuis
788 1146 1010 1227 inseparabilis
1038 1146 1164 1212 trinitas
1192 1152 1299 1212 tamen

138 1251 277 1326 trinitas,
305 1254 352 1329 ut,
387 1271 481 1333 quern
510 1251 550 1316 ad
579 1251 709 1316 modum
739 1253 836 1318 simol
866 1252 929 1317 dici
958 1272 1019 1316 non
1049 1257 1195 1336 possunt,
1225 1273 1299 1318 cum

138 1357 227 1421 sonis
246 1357 464 1440 corporalibus
484 1363 783 1433 commemorantur,
808 1359 957 1442 quamuis
977 1359 1074 1423 simul
1094 1360 1159 1423 sint
1176 1359 1297 1444 insepa-

136 1464 291 1542 rabiliter,
314 1465 360 1529 ita
379 1469 412 1530 et
430 1465 621 1547 quibusdam
647 1467 876 1548 scripturarum
899 1467 979 1530 locis
1004 1470 1037 1531 et
1059 1486 1116 1549 per
1140 1468 1295 1550 quasdam

92 1595 118 1632 ιο
138 1575 300 1635 creaturas
330 1571 516 1655 singillatim
545 1573 755 1654 uicissimque
784 1577 1003 1638 monstrentur
1035 1574 1121 1638 sicut
1152 1578 1243 1656 pater
1265 1576 1298 1638 in

138 1695 230 1754 uoce,
260 1697 322 1759 qua
350 1679 472 1744 sonuit:
501 1679 553 1741 Ta
582 1698 620 1742 es
645 1679 757 1744 filius
782 1698 897 1756 mens,
927 1682 960 1743 et
987 1679 1073 1744 filius
1097 1680 1129 1744 in
1154 1681 1293 1757 homine,¹

138 1802 234 1865 quem
264 1784 408 1866 suscepit
439 1804 475 1848 ex
510 1785 646 1868 uirgine,
681 1790 713 1848 et
741 1786 875 1868 spiritus
909 1790 1040 1850 sanctus
1068 1787 1100 1850 in
1130 1787 1298 1851 columbae

137 1889 247 1972 specio
267 1891 431 1972 corporali.
457 1890 534 1954 haec
554 1891 725 1973 separatim
746 1890 875 1972 quidem
896 1892 953 1956 sed
976 1892 1063 1957 nullo
1089 1893 1182 1957 modo
1207 1911 1297 1977 sepa-

137 2001 206 2060 rata
232 1997 292 2059 tria
315 1997 371 2061 illa
395 1996 622 2063 demonstrant.

41 2105 61 2166 6
89 2127 116 2168 15
182 2102 235 2167 Ad
271 2103 331 2168 hoc
368 2107 543 2186 utcumque
577 2105 831 2189 intellegendum
863 2098 1064 2171 adsumimus
1097 2107 1295 2184 memoriam,

134 2210 636 2292 intellegentiam,uoluntatem.
663 2213 811 2292 quamuis
832 2213 914 2276 euim
936 2212 1013 2277 haec
1034 2213 1101 2278 suis
1126 2214 1295 2294 separatis·

136 2334 200 2397 que
233 2317 431 2398 temporibus
461 2317 650 2400 singillatim
679 2318 808 2402 singula
836 2320 1048 2396 enuntiemus,
1081 2320 1161 2385 nihil
1188 2323 1293 2385 tamen

135 2422 250 2486 horum
273 2423 340 2488 sine
361 2423 433 2488 aliis
453 2424 578 2488 duobus
599 2425 724 2507 agimus
744 2425 798 2490 uel
822 2424 968 2489 dicimus.
987 2443 1045 2490 nec
1063 2425 1135 2490 ideo
1154 2427 1294 2507 putanda

135 2529 214 2592 sunt
250 2528 327 2592 haaa
364 2529 426 2592 tria
461 2528 595 2593 trinitati
636 2531 683 2594 sic
720 2535 912 2613 comparata,
949 2535 986 2595 ut
1018 2531 1103 2596 omni
1137 2551 1174 2596 er
1205 2537 1293 2615 parts

85 2664 114 2703 ao
135 2635 341 2712 conueniant;
370 2635 422 2700 cui
451 2636 534 2700 enim
562 2636 766 2701 similitudini
792 2639 825 2702 in
850 2637 1044 2720 disputando
1069 2641 1293 2704 conuenientia

135 2745 227 2806 tanta
250 2742 444 2820 conceditur,
474 2746 510 2806 nt
535 2743 563 2807 ei
587 2745 643 2820 rei,
669 2744 720 2808 cui
745 2743 925 2808 adhibenda
945 2751 1003 2817 est,
1034 2746 1119 2809 omni
1143 2765 1179 2809 ex
1203 2750 1292 2827 parte

134 2851 323 2929 coaptetur?
348 2850 400 2912 uel
425 2849 549 2931 quando
570 2869 605 2912 er
626 2855 771 2914 creatura
790 2850 828 2913 ad
854 2854 1027 2914 creatorem
1048 2851 1167 2934 aliquid
1187 2851 1292 2916 simile

134 2955 338 3020 adsumitur?
352 2957 454 3039 primo
466 2956 582 3040 ergoio
594 2957 654 3020 hoc
664 2957 827 3020 inuenitur
841 2958 904 3020 ista
917 2957 1094 3022 similitudo
1110 2957 1290 3034 dissimilis,

133 3061 221 3144 quod
239 3062 300 3125 tria
319 3063 408 3140 haec,
428 3063 590 3140 memoria,
606 3062 836 3146 intellegentia,
856 3065 1018 3142 noluntas,
1038 3065 1161 3129 animae
1174 3066 1291 3143 insunt,

83 3195 112 3236 aa
133 3188 196 3234 non
218 3169 326 3234 eadem
347 3171 409 3234 tria
428 3175 477 3234 est
496 3172 613 3246 anima3
635 3170 692 3234 illa
710 3191 787 3235 uero
807 3171 933 3235 trinitas
952 3191 1012 3236 non
1031 3172 1126 3248 inest,
1146 3172 1203 3237 sed
1221 3172 1292 3253 ipsa

227 3396 258 3449 11
278 3397 360 3450 Marc.
383 3397 405 3458 l,
427 3398 473 3460 11;
492 3395 556 3450 Luc.
576 3397 601 3459 3,
621 3397 668 3460 22;
689 3396 733 3450 ΡΒ.
754 3398 779 3460 2,
794 3399 823 3459 7;
840 3397 939 3454 Matth.
955 3399 982 3464 3,
998 3399 1030 3451 17
1086 3398 1186 3453 Mattb.
1203 3401 1227 3456 1,
1242 3400 1289 3461 23;

132 3488 183 3550 25;
202 3487 266 3541 Luc.
286 3489 311 3550 2,
331 3488 345 3540 7
439 3488 471 3539 12
491 3485 589 3540 Marcu.
609 3487 634 3550 3,
657 3488 701 3548 16;
722 3487 804 3540 Marc.
827 3488 849 3551 1,
871 3488 916 3548 10;
938 3488 1001 3541 Luc.
1022 3489 1047 3550 3,
1067 3489 1114 3549 22;
1135 3489 1194 3541 Iob.
1217 3490 1241 3553 1,
1255 3491 1290 3543 32

173 3613 185 3665 l
207 3610 399 3666 ..berari—et
421 3610 478 3664 filio
503 3614 531 3664 et
554 3612 652 3678 spiritu
676 3611 707 3664 ia
730 3627 786 3666 raa.
806 3629 840 3665 m.
860 3616 875 3665 1
894 3611 921 3665 R
1031 3615 1060 3665 et
1079 3613 1176 3681 spiritu
1195 3618 1290 3667 sancto

131 3701 333 3764 om.,m.1ta
351 3716 437 3768 marp.
459 3699 524 3753 add.
550 3699 577 3754 U
647 3701 712 3753 3et
732 3701 787 3754 filio
808 3699 856 3753 sed
875 3717 891 3754 a
910 3705 987 3770 patre
1007 3717 1058 3754 om.
1078 3701 1107 3755 R
1180 3709 1290 3770 apatre

131 3791 159 3844 111
180 3792 246 3856 (ras.
267 3792 339 3841 1-2
357 3789 387 3855 l.)
407 3792 435 3840 et
457 3787 483 3840 Τ
529 3788 544 3841 8
565 3788 781 3857 corporabilibns
802 3788 840 3852 (bi
856 3793 927 3857 exp.)
947 3790 1122 3842 insinuantur
1139 3790 1198 3842 siue
1217 3806 1289 3842 corn·

131 3877 366 3934 memorantan
410 3877 486 3932 aira
505 3883 533 3931 et
552 3881 577 3944 (e
596 3895 630 3931 m.
651 3881 670 3930 2
688 3879 813 3943 inras.,·
826 3877 1004 3945 suitaent)
1029 3879 1055 3930 V
1104 3879 1290 3948 recorporari

131 3969 225 4039 specie
247 3966 392 4021 THRVU
445 3966 727 4022 14i11atriaHVU
781 3968 813 4021 17
834 3968 946 4037 singula
964 3967 1125 4036 singillatim
1149 3967 1295 4022 THRVU

168 4057 328 4112 nunciemus
346 4056 375 4109 P
461 4056 493 4109 18
512 4057 557 4110 nel
578 4055 698 4110 dicamus
723 4055 749 4109 V
764 4056 820 4126 (uel
838 4057 871 4110 ia
888 4073 946 4110 raa.
964 4073 1000 4112 m.
1022 4060 1050 4119 2)
1075 4055 1102 4109 U
1117 4060 1149 4109 ut
1169 4057 1290 4110 dicamus

130 4146 246 4202 PTHR
270 4163 289 4198 a
312 4150 361 4198 aut
384 4144 498 4199 dicimus
524 4151 583 4199 cett.
612 4145 672 4199 edd.
798 4147 831 4199 19
855 4149 921 4198 aunt
944 4162 996 4200 om.
1021 4145 1049 4197 P
1156 4147 1290 4199 exomni

130 4241 209 4308 parte
232 4234 291 4288 ΤΗ
294 4234 348 4289 VU
365 4238 491 4304 exparte
511 4235 583 4286 omni
602 4234 629 4288 R
719 4235 752 4287 21
775 4250 806 4287 ex
826 4235 898 4287 omni
917 4238 995 4304 parte
1014 4233 1048 4286 H
1064 4233 1125 4288 edd.
1139 4239 1254 4302 praeter
1272 4252 1290 4287 a

130 4327 167 4381 ‘24
186 4324 372 4393 intelligentia
392 4324 522 4377 memoria
545 4322 572 4376 U
624 4325 658 4378 25
677 4325 735 4392 ipsa
755 4323 783 4375 P
