3092 4959
266 366 330 431 378
625 365 650 416 S.
679 364 818 418 Aureli
845 366 1061 434 Augustini

265 565 393 643 repente
416 560 564 639 uidisset,
590 562 643 642 qui
668 582 728 627 non
752 563 815 626 nisi
839 562 1034 627 infantulum
1063 566 1181 640 nosset,
1209 581 1272 626 non
1305 562 1420 644 utique

264 673 459 753 agnosceret.
480 690 517 733 an
540 689 614 734 uero
634 670 672 733 ad
697 670 883 734 liniamenta
897 669 1051 734 mutanda
1065 688 1126 733 non
1145 672 1254 751 potest
1273 669 1421 733 celeriter

265 776 314 839 dei
337 780 492 857 potestas,
518 776 602 857 quod
626 780 736 859 potest
758 796 814 859 per
837 796 989 842 annornm
1014 796 1119 841 moras
1142 776 1283 842 hominis
1307 780 1420 840 aetas?

199 882 241 943 32
312 882 404 963 Quod
430 894 537 949 autem
561 884 679 947 Mariae
709 884 801 948 dixit:
838 883 930 947 Noli
963 903 1018 948 me
1051 891 1222 967 tangerer
1257 884 1420 948 nondum

266 990 363 1055 enirn
387 990 541 1055 ascendi
565 992 608 1055 ad
631 994 785 1073 patrem,
801 992 881 1055 nihil
901 991 989 1055 aliud
1007 1010 1059 1055 me
1073 991 1199 1056 noueris
1218 990 1420 1055 intellexisse
1448 1013 1458 1051 r

266 1115 358 1179 quam
389 1101 433 1162 tu.
466 1098 511 1162 ita
545 1098 629 1162 enim
663 1098 841 1181 significare
871 1099 977 1163 uoluit
1008 1101 1130 1161 tactum
1163 1096 1351 1179 spiritalem,
1386 1096 1420 1159 id

265 1205 315 1267 ast
339 1222 504 1269 accessum
531 1204 603 1269 fidei
633 1225 666 1269 se
696 1206 868 1287 requirere,
894 1225 957 1288 qua
980 1204 1120 1269 creditur
1152 1223 1225 1268 eum
1255 1204 1418 1267 excelsum

266 1330 335 1374 assa
360 1316 555 1394 compatre.
582 1314 614 1375 et
637 1312 720 1394 quod
752 1311 791 1375 ab
816 1312 882 1376 illis
913 1311 1040 1376 duobus
1072 1311 1104 1373 in
1137 1311 1293 1374 fractione
1325 1312 1419 1393 panis

265 1424 315 1484 est
337 1420 477 1503 agnitus,
502 1421 735 1483 sacramentum
755 1438 837 1495 esse,
858 1419 944 1500 quod
966 1438 1023 1482 nos
1048 1419 1079 1481 in
1103 1418 1301 1501 agnitionem
1325 1436 1417 1481 suam

265 1528 446 1609 congregat,
470 1526 579 1589 nullus
604 1525 699 1589 debet
723 1526 893 1607 ambigere.
1436 1550 1457 1585 n

197 1628 239 1689 33
308 1632 355 1696 Ile
375 1633 482 1696 uerbis
500 1631 675 1715 Symeonis,
691 1634 747 1697 ubi
768 1634 813 1699 ait
833 1634 950 1717 uirgini
969 1634 1064 1697 matri
1088 1633 1224 1697 domini:
1248 1632 1296 1696 Et
1314 1636 1417 1695 tunm

265 1740 390 1821 ipsius
415 1739 572 1803 animam
595 1740 829 1822 pertransiet
853 1740 1002 1815 framea,
1022 1741 1054 1804 in
1075 1740 1138 1804 alia
1156 1738 1307 1821 epistula,
1323 1738 1417 1803 cuius

264 1848 442 1927 exemplum
468 1848 564 1911 etiam
588 1847 682 1911 modo
707 1846 792 1923 misi,
817 1846 889 1925 diri,
914 1846 989 1928 qnid
1018 1846 1098 1911 milri
1130 1847 1293 1923 uideatur;
1331 1846 1417 1928 quod

264 1953 359 2017 etiam
397 1953 457 2016 tibi
489 1954 573 2017 inter
605 1958 708 2018 cetera
740 1955 849 2017 uisum
883 1957 942 2017 ast.
983 1958 1017 2017 et
1049 1954 1134 2035 quod
1167 1953 1323 2017 adiunxit:
1367 1952 1416 2016 l't

264 2058 502 2123 ‹lenudentur
534 2060 740 2124 multorum
775 2060 944 2123 cordium
979 2060 1248 2144 cogitationes,
1277 2059 1337 2124 hoc
1366 2060 1455 2122 in-rs

263 2165 480 2248 tellsgondum
514 2172 602 2248 pute,
641 2168 716 2247 quia
748 2185 803 2249 per
841 2166 962 2230 domini
994 2167 1176 2248 passionem
1210 2172 1243 2231 et
1280 2165 1416 2231 insidiae

262 2272 452 2337 ludaeorum
491 2277 523 2335 et
555 2273 785 2355 discipulorum
822 2274 990 2339 infirmitas
1022 2274 1138 2356 patuit.
1175 2271 1416 2338 tribulationem

263 2378 361 2461 igitur
380 2379 478 2463 gladii
497 2381 623 2444 nomine
639 2362 850 2464 significatam
867 2400 938 2445 esse
953 2380 1104 2444 credibile
1119 2385 1179 2455 est,
1194 2400 1258 2463 quo
1272 2383 1417 2443 materna

264 2484 368 2548 anima
391 2485 558 2550 uulnerata
582 2491 632 2551 est
656 2487 772 2551 doloris
798 2488 925 2553 affectu.
962 2488 1032 2569 ipse
1060 2487 1124 2552 fuit
1146 2487 1273 2571 gladius
1301 2486 1335 2550 in
1363 2504 1416 2549 ore

264 2594 513 2673 persecutorum,
539 2593 577 2657 de
601 2593 718 2675 quibus
742 2595 772 2657 in
798 2594 922 2676 psalmo
947 2594 1078 2658 dicitnr:
1111 2594 1157 2658 Et
1189 2593 1342 2678 gladius
1379 2594 1458 2657 ins·

264 2684 498 2765 ore'eorum.
545 2700 607 2781 ipsi
647 2700 728 2763 enim
768 2706 856 2764 erant
892 2700 970 2765 lilii
1011 2702 1215 2775 bominum,
1257 2718 1415 2783 qnorum

264 2803 396 2868 dentes
435 2824 533 2869 arma
571 2812 607 2870 et
645 2808 812 2890 sagittae
851 2813 887 2871 et
924 2808 1056 2891 lingua
1093 2825 1222 2872 eorum
1260 2804 1416 2889 gladius

265 2916 407 2975 acutus.
432 2932 504 2976 narn
530 2916 562 2976 et
584 2913 710 2991 ferrum,
735 2914 820 2995 qnod
844 2914 1029 2995 pertransiit
1052 2915 1191 2979 animam
1210 2914 1337 2995 loseph,
1357 2932 1416 2997 pro

353 3172 510 3230 troico,
534 3174 565 3225 17
621 3172 908 3237 Moeram-31
977 3176 1262 3239 11;14Luc.2,3.·›
1317 3178 1352 3229 20
1372 3178 1419 3232 Ps.

264 3260 343 3321 frit&
399 3260 595 3325 21Ps.oo,5

302 3386 388 3453 lquo
411 3385 437 3438 G
527 3387 859 3441 benims.n.m.1V
943 3388 978 3442 ad
997 3394 1102 3459 patrem
1122 3406 1212 3443 meum
1231 3390 1418 3445 nihileec.

270 3474 347 3543 Vulp.
457 3476 564 3529 noueris
587 3492 629 3528 me
653 3476 821 3531 intellexisse
846 3496 893 3531 cc
916 3480 1025 3532 noueris
1047 3498 1091 3532 me
1114 3479 1271 3549 intelligere
1288 3478 1311 3547 f
1317 3480 1328 3531 1
1336 3496 1350 3531 r
1374 3498 1419 3533 me

264 3563 430 3616 intellexisse
449 3566 557 3617 noueris
576 3581 602 3617 m
676 3568 690 3618 7
711 3565 793 3618 tidein
813 3582 841 3618 se
862 3567 895 3619 II
972 3584 1015 3635 qa.
1034 3586 1068 3620 m.
1087 3572 1103 3619 1
1120 3569 1149 3621 ia
1166 3584 1284 3637 supera
1303 3568 1371 3624 add.
1396 3568 1424 3619 Γ

264 3656 376 3719 >epatre
397 3656 441 3718 (w
461 3656 542 3717 cros.)
562 3655 589 3705 A
646 3654 679 3707 10
697 3655 769 3714 illos,
790 3672 823 3707 m.
844 3661 858 3707 1
877 3672 947 3711 corr.
967 3657 1058 3709 nullus
1081 3656 1106 3707 V
1161 3658 1192 3711 ll
1214 3657 1317 3711 donnini
1334 3659 1420 3711 matri

265 3742 317 3795 PG
410 3743 443 3795 12
467 3743 626 3811 pertransiit
649 3743 686 3795 M
706 3745 901 3813 pertransisset
923 3744 956 3796 K
976 3746 1155 3813 pertransibit
1177 3746 1239 3803 edd.
1262 3764 1312 3801 aec.
1336 3746 1420 3815 Vulgi.

299 3830 411 3899 frames]
430 3830 538 3900 gladius
557 3830 629 3899 Eup.
649 3848 699 3886 sec.
725 3832 804 3899 Volo.
825 3832 887 3899 (Gr.
908 3832 1033 3903 ῥομφαία)
1133 3836 1161 3888 in
1180 3836 1300 3905 epistola
1316 3834 1373 3888 alia
1392 3838 1420 3888 A
1448 3832 1454 3845 “

267 3920 299 3971 14
318 3919 390 3987 quod
408 3938 430 3972 s.
449 3936 477 3972 u.
497 3937 531 3973 m.
551 3924 565 3972 1
589 3920 612 3972 V
660 3922 692 3975 15
712 3922 890 3989 cogitationis
913 3922 940 3975 V
988 3926 1021 3977 16
1040 3924 1195 3993 passionem
1214 3924 1315 3977 domini
1327 3926 1422 3993 signis

264 4024 333 4061 corr.
358 4007 383 4057 V
456 4010 488 4061 18
509 4007 594 4076 gladii
613 4025 674 4069 om..
692 4025 714 4063 c,
733 4026 759 4061 u.
780 4026 814 4062 ηι.
833 4016 865 4063 ut
883 4010 942 4062 ur'rl.
961 4016 977 4063 1
995 4010 1060 4064 add.
1079 4012 1132 4064 hoc
1152 4012 1178 4065 G
1259 4013 1384 4081 nomine}
1403 4020 1420 4065 ir

264 4098 330 4151 milri
349 4098 375 4149 Α
448 4098 608 4151 incredibile
628 4102 653 4151 A
727 4100 1159 4155 ieterna.m.100rr.materna
1181 4101 1209 4153 V
1284 4102 1316 4154 19
1333 4102 1418 4155 affec-

264 4194 307 4239 tu·
327 4188 434 4255 rfrrr'loe
451 4204 478 4240 m
499 4187 523 4254 52)
540 4188 566 4240 P
602 4190 636 4241 20
652 4190 679 4241 in
700 4204 745 4241 ore
765 4189 869 4257 eorum}
889 4190 933 4242 ioe
953 4198 1004 4243 con
1024 4190 1050 4241 l*
1082 4191 1115 4243 21
1130 4191 1190 4259 ipse
1204 4191 1239 4244 H
1255 4195 1332 4256 (corr.
1349 4192 1408 4261 ipsi

271 4276 562 4347 Vnrr.1corr.ipei'=
614 4278 648 4331 23
669 4280 707 4348 ct]
728 4296 744 4347 p
768 4280 793 4331 G
848 4280 1025 4349 pertransiuit
1045 4280 1168 4349 Eupippi
1185 4280 1315 4335 corunelli
1332 4280 1420 4337 codd,
