3092 4959
240 427 306 492 278
592 426 619 480 S.
647 426 786 479 Aureli
816 427 1033 495 Augustini

239 726 433 807 disserendo,
458 728 542 811 quod
565 729 611 793 ita
633 728 743 794 uideas
772 729 874 794 oculis
899 729 1001 794 carnis
1029 729 1082 794 nel
1109 729 1176 794 ullo
1205 729 1267 794 alio
1296 748 1384 794 sensu

240 835 309 900 eins
333 835 452 900 sentias
475 855 533 900 seu
556 839 589 901 te
617 836 757 901 sensisse
784 836 915 915 recola's,
941 836 1025 902 siout
1051 835 1232 900 sentirentur
1260 837 1383 913 colores,

239 941 390 1026 fragores,
411 941 534 1020 odores,
559 961 698 1024 sapores,
718 934 859 1007 feruores
885 945 917 1007 et
937 942 965 1006 si
989 941 1065 1024 quid
1089 941 1176 1006 aliud
1199 961 1255 1025 per
1278 961 1383 1026 corpus

240 1045 404 1124 cernendo,
433 1047 600 1125 audiendo,
630 1047 816 1122 olfaciendo,
841 1047 1010 1132 gustando,
1033 1047 1193 1132 tangendo
1224 1048 1418 1119 sentimus·

194 625 216 688 4
284 622 373 685 Hanc
400 621 509 704 itaque
538 619 775 686 distinctionem
804 625 886 699 tene,
912 625 957 700 ut,
982 623 1010 686 si
1038 621 1114 705 quid
1142 625 1174 686 te
1198 621 1382 688 admonuero

240 1154 369 1220 autito
395 1153 506 1218 uideas
538 1155 655 1219 mentis
687 1153 817 1234 intuitu,
847 1158 884 1220 ut
916 1155 1007 1220 uides
1040 1156 1151 1232 uitam,
1179 1155 1384 1232 uoluntatem,

239 1259 477 1345 cogitationem,
495 1262 692 1340 memoriam,
710 1261 973 1345 intellegentiam,
992 1261 1169 1339 scientiam,
1188 1260 1285 1327 fidem
1302 1265 1385 1327 tuam

239 1372 273 1432 et
296 1368 449 1451 quioquid
471 1368 558 1433 aliud
581 1371 687 1432 mente
711 1368 871 1452 conspicis
895 1371 990 1450 atquc
1012 1367 1058 1432 ita
1080 1387 1152 1434 esse
1175 1387 1237 1433 non
1266 1371 1384 1434 tantum

239 1473 395 1540 credendo
428 1473 484 1538 sed
516 1476 608 1557 plane
641 1475 777 1540 nidendo
814 1493 875 1539 non
913 1475 1052 1554 dubitas,
1084 1475 1145 1540 hoc
1181 1493 1232 1539 me
1268 1474 1385 1540 iudices

239 1580 428 1646 ostendisse.
453 1581 538 1662 quod
561 1585 667 1646 autem
690 1601 752 1646 non
778 1581 825 1646 sic
848 1581 1025 1660 ostendero,
1045 1584 1083 1645 ut
1103 1583 1158 1646 ant
1176 1581 1317 1665 corporis
1335 1585 1385 1646 aut
1400 1601 1421 1640 n

240 1687 337 1751 animi
365 1706 460 1752 sensu
488 1688 594 1753 uisum
624 1693 873 1771 perceptumque
900 1690 1057 1767 teneatur,
1085 1691 1119 1752 et
1147 1692 1254 1753 tamen
1287 1688 1384 1753 dixero

241 1793 372 1875 aliquid,
396 1794 482 1876 quod
504 1800 562 1858 aut
583 1813 694 1859 uemm
719 1795 847 1898 quidem
873 1797 929 1858 aut
950 1794 1065 1858 falsum
1091 1813 1161 1859 esse
1184 1813 1315 1860 necesse
1337 1795 1384 1870 sit,
1538 1859 1539 1894 1

241 1900 296 1964 sed
319 1901 407 1965 nullo
430 1901 558 1966 illorum
586 1902 720 1966 duomm
748 1920 862 1985 genere
889 1901 1048 1979 uideatur,
1071 1905 1181 1980 restat,
1206 1909 1244 1966 nt
1266 1905 1382 1967 tanturn
1538 1897 1539 1985 1

239 2006 334 2072 modo
353 2005 499 2072 credatur
516 2007 568 2071 nel
586 2026 647 2072 non
665 2007 823 2072 credatur.
843 2007 899 2073 sed
918 2008 947 2072 si
965 2007 1143 2073 diuinarum
1162 2009 1384 2092 scripturamm

241 2129 347 2178 earum
368 2113 500 2193 scilicet,
515 2133 595 2197 qnae
610 2116 779 2179 canonicae
792 2115 824 2178 in
839 2114 974 2179 ecclesia
992 2115 1203 2194 nominantur,
1223 2115 1385 2200 perspicua
1401 2133 1422 2172 u

239 2219 383 2284 firmatur
404 2221 604 2298 anctoritate,
624 2221 692 2286 sine
715 2222 783 2285 nlla
806 2219 1002 2285 dubitatione
1026 2218 1217 2284 credendum
1237 2224 1296 2287 est.
1320 2221 1385 2286 aliis

240 2345 315 2390 uero
339 2327 477 2392 testibus
501 2329 554 2392 uel
577 2328 783 2404 testimoniis,
808 2327 925 2410 quibus
953 2326 1075 2411 aliquid
1102 2326 1295 2393 credendum
1321 2345 1385 2393 esse

239 2433 400 2516 suadetur,
430 2435 492 2500 tibi
525 2435 651 2502 credere
684 2437 738 2500 uel
768 2455 829 2501 non
868 2433 994 2500 credere
1029 2435 1135 2512 liccat,
1168 2439 1321 2516 qnantum
1354 2451 1386 2498 ea

239 2541 393 2606 momenti
416 2543 457 2606 ad
479 2543 654 2608 faciendam
679 2542 773 2606 fidem
798 2542 852 2607 uel
873 2541 989 2606 habere
1013 2541 1066 2606 uel
1089 2559 1151 2606 non
1179 2541 1297 2606 habers
1323 2559 1387 2626 per·

239 2645 398 2728 penderis.
1401 2661 1422 2704 ¹⁰

196 2755 217 2819 5
285 2753 320 2818 Si
339 2754 422 2818 enim
443 2774 488 2835 ca,
504 2775 585 2839 quae
603 2774 663 2820 non
683 2755 837 2834 uidimus,
852 2756 912 2820 hoc
928 2759 979 2821 est
991 2755 1023 2820 in
1037 2754 1197 2839 praesenti
1212 2752 1387 2838 apparentia

240 2878 301 2925 non
321 2861 480 2926 sensimus
500 2861 553 2927 nel
571 2866 677 2927 mente
695 2862 749 2927 nel
768 2881 898 2944 corpore
917 2880 1019 2944 neque
1034 2859 1072 2926 de
1088 2861 1255 2944 scripturis
1276 2859 1386 2926 sanctis

239 2968 293 3032 uel
307 2967 442 3052 legendo
456 2969 509 3035 uel
523 2968 679 3034 audiendo
696 2968 877 3047 didicimus,
894 2967 981 3033 nulla
995 2954 1126 3034 omnino
1137 2966 1384 3037 credidissemus

276 3178 367 3248 tque
385 3177 535 3232 HMFAP
551 3184 596 3244 (m.
616 3181 636 3232 2
654 3178 737 3247 qnod)
792 3177 967 3250 3senultiaa
985 3177 1016 3232 F
1031 3177 1171 3232 sena-tias
1190 3177 1219 3231 P
1294 3179 1322 3230 te
1339 3189 1384 3228 osa

240 3265 304 3319 HF
372 3266 443 3320 sicut
461 3267 627 3336 sentiuntur]
647 3283 757 3322 sonores
781 3265 872 3321 Tmo
891 3267 963 3321 sicut
981 3283 1091 3321 sonores
1110 3265 1137 3319 L
1209 3263 1386 3329 iolores,m.1

240 3368 311 3407 corr.
330 3354 434 3408 colores
456 3353 480 3410 0
532 3356 551 3409 4
570 3371 674 3425 conpos,
693 3373 727 3411 m.
747 3359 763 3409 1
781 3359 851 3410 corr.
871 3371 967 3425 corpus
986 3354 1021 3409 H
1079 3358 1096 3410 5
1114 3355 1264 3408 sentiamus
1281 3349 1387 3409 HFAP

242 3450 270 3506 (a
287 3458 322 3494 m.
342 3445 362 3495 2
380 3446 452 3512 exp.)
470 3441 531 3499 cdd.
616 3444 740 3513 druides]
761 3443 912 3499 uidelllsO
997 3443 1224 3514 ‘lintellegentia
1243 3441 1385 3512 scienltiam

241 3532 348 3599 (gentil
366 3533 439 3586 scien
457 3535 532 3587 m.·2
548 3533 581 3586 a‘a
597 3549 656 3587 raa.
673 3533 761 3602 paulo
780 3533 896 3601 menore)
919 3531 943 3587 0
1009 3533 1026 3586 9
1045 3531 1162 3586 uiuendo
1180 3529 1383 3587 Harmas

243 3619 277 3674 10
296 3635 402 3690 corpus,
424 3637 460 3676 m.
479 3625 500 3677 2
521 3620 685 3693 corporisO
795 3623 826 3677 11
852 3622 912 3676 uma
935 3625 1118 3692 perceptaque
1141 3623 1252 3675 tenetur
1277 3615 1383 3674 TPOL

243 3707 277 3762 12
296 3708 417 3778 quidem]
436 3709 540 3780 aliquid
563 3710 654 3764 TT¹L
672 3709 739 3781 qnid
760 3709 784 3764 O
871 3711 904 3766 13
924 3710 1005 3764 dnum
1023 3709 1086 3764 cdd.
1169 3710 1203 3764 14
1221 3709 1382 3780 scripturam,

240 3813 276 3850 m.
295 3801 311 3850 1
328 3814 398 3854 corr.
417 3799 610 3868 scripturarum
629 3799 664 3852 H
744 3800 777 3854 18
796 3799 943 3853 suadeatur
960 3798 998 3852 M
1080 3815 1110 3852 oe
1131 3794 1382 3866 a01monenti(sa.2

242 3887 394 3952 momenti),
412 3887 503 3953 sotsac
524 3889 583 3942 uid.
607 3904 650 3942 me
674 3886 841 3958 adlmonenti
863 3888 892 3942 P
917 3903 960 3941 me
984 3887 1153 3941 ammonendi
1175 3885 1208 3940 H
1230 3903 1290 3940 mea
1312 3883 1381 3951 (sal

241 3989 311 4028 corr.
328 3977 428 4042 meam)
445 3977 568 4030 monenti
586 3975 617 4030 F
633 3993 721 4030 meam
739 3977 870 4030 momenti
889 3976 915 4029 A
935 3992 967 4030 ea
986 3976 1161 4031 emolumenti
1179 3973 1208 4028 L
1298 3972 1329 4025 le
1345 3967 1379 4022 ia-

242 4062 367 4116 ciendum
387 4064 413 4117 L
426 4065 524 4131 slrm
624 4065 657 4118 21
677 4065 741 4134 non]
761 4081 833 4119 nunc
850 4065 879 4119 P
984 4064 1112 4132 uidimus,
1130 4080 1166 4117 m.
1185 4065 1205 4116 2
1224 4053 1380 4116 uidemssP

277 4151 339 4221 hoe]
358 4153 386 4205 id
410 4153 526 4209 TT¹0L
637 4155 666 4207 in
684 4155 822 4224 praesenti
841 4153 1013 4224 apparentia]
1032 4155 1059 4208 in
1078 4153 1260 4224 praesentiam
1282 4145 1338 4204 Tm
1355 4145 1377 4198 in

243 4242 398 4310 praesentia
419 4241 469 4296 OL
487 4243 522 4296 lr
647 4242 683 4294 22
701 4242 818 4313 εοιιείιῃ11
840 4243 941 4310 (fresae
958 4241 1017 4296 uid.
1037 4242 1157 4312 sensim')
1180 4239 1204 4297 0
1221 4237 1342 4294 sensibus
1357 4231 1379 4286 P

243 4329 474 4397 codiciacam.
494 4335 509 4384 1
529 4347 598 4386 corr.
619 4329 764 4384 didicimus
784 4329 846 4384 HF
863 4330 1053 4385 didicissemus
1073 4330 1099 4384 P
1178 4329 1341 4384 crederemus
1358 4319 1380 4375 P
