3092 4959
489 364 756 433 epistularum
787 363 904 420 CXLIV.
1208 369 1271 431 265

54 545 73 606 3
163 555 198 622 Si
221 561 329 622 alitem
353 557 457 622 adhuc
480 557 635 641 quosdam
658 578 748 623 amor
770 560 908 624 hominis
929 560 1054 625 occulte
1074 563 1224 644 segregat
1242 562 1275 624 et

117 664 215 728 timor
237 665 376 730 hominis
399 664 555 731 fallaciter
578 669 761 751 congregat,
786 667 966 732 obseruant.
993 667 1046 750 qni
1075 667 1156 732 tales
1188 668 1272 743 sunt,

117 771 268 851 quoniam
291 771 398 851 deum,
422 772 474 837 cui
497 773 583 838 nuda
605 777 655 837 est
681 773 820 838 humana
843 774 1047 852 conscientia,
1072 793 1129 838 nec
1157 777 1272 838 testem

115 879 235 943 fallunt
257 898 315 943 nec
338 879 476 945 iudicem
500 879 638 963 fugiunt.
662 880 786 962 siquid
810 883 917 944 autem
936 880 1010 946 illos
1030 879 1068 944 de
1089 881 1273 963 quaestione

84 987 223 1067 sipsius
254 987 389 1052 unitatis
420 1006 477 1068 pro
509 1006 587 1052 suae
619 987 733 1051 salutis
762 986 980 1052 sollicitudine
1008 991 1184 1070 permonet,
1214 987 1273 1051 hoc

115 1093 191 1172 sibi,
215 1096 370 1176 quantum
394 1093 552 1171 existimo,
576 1094 791 1159 iustissimum
817 1096 1033 1175 extorqueant,
1053 1099 1090 1158 ut
1109 1093 1147 1157 de
1167 1093 1273 1157 catho-

113 1200 182 1264 lica
203 1200 348 1278 ecclesia,
371 1200 405 1264 id
429 1203 479 1264 est
500 1203 569 1265 toto
595 1201 669 1265 orbe
693 1200 811 1264 diffusa
833 1201 866 1264 id
889 1200 998 1282 potius
1027 1200 1165 1277 credant,
1188 1199 1274 1282 quod

114 1305 295 1389 scripturae
323 1307 448 1371 diuinae
477 1307 596 1385 dicunt,
625 1326 686 1372 uon
715 1307 801 1390 quod
828 1306 957 1390 liuguae
990 1307 1147 1371 humanae
1179 1306 1274 1371 male·

114 1413 239 1477 dieunt.
264 1413 301 1477 de
325 1414 396 1496 ipsa
417 1433 493 1479 uero
518 1414 728 1490 dissensione,
753 1433 834 1496 quae
857 1415 939 1479 inter
963 1413 1106 1478 hominos
1132 1419 1200 1478 orta
1225 1418 1274 1478 est

71 1543 96 1584 ιο
114 1559 160 1566 -
183 1519 237 1602 qui
261 1522 371 1602 quales
389 1521 470 1585 libet
492 1521 620 1598 luerint,
644 1541 704 1586 non
729 1522 840 1604 utique
864 1521 1083 1604 praeiudicant
1106 1521 1273 1605 promissis

114 1626 181 1702 dei,
210 1627 264 1708 qui
294 1626 373 1690 dixit
399 1627 438 1691 ad
462 1627 636 1692 Abraham:
664 1628 704 1691 In
734 1628 877 1692 semine
906 1632 970 1692 tuo
999 1628 1274 1692 benedicentur

114 1752 246 1799 omnes
267 1739 409 1816 gentes,
430 1733 516 1817 quod
535 1734 690 1799 creditum
710 1740 769 1813 est,
790 1754 863 1800 cum
882 1734 1047 1799 audiretur
1064 1735 1273 1818 praedictum,

114 1845 149 1904 et
183 1843 328 1924 negatur,
363 1860 437 1905 cum
469 1840 599 1905 uidetur
628 1841 797 1922 impletum
832 1879 885 1920 -,
916 1841 976 1906 hoc
1008 1844 1113 1906 tamen
1145 1841 1273 1906 interim

112 1946 345 2011 breuissimum
369 1950 411 2017 et.
435 1947 498 2011 nisi
521 1947 623 2024 fallor,
647 1948 894 2013 inuictissimum
921 1949 1071 2031 cogitent,
1092 1951 1148 2012 aut
1169 1951 1272 2012 actam

66 2073 188 2118 150881
220 2053 316 2119 istam
349 2073 478 2119 causam
506 2054 538 2117 in
572 2054 791 2120 ecclesiastico
824 2055 1033 2120 transmarino
1065 2053 1185 2118 iudicio
1219 2061 1274 2118 aut

111 2181 179 2226 non
207 2179 280 2225 osse
312 2165 433 2234 actam3
467 2163 495 2226 si
528 2165 599 2226 acta
630 2163 675 2226 ibi
707 2182 768 2227 non
803 2167 863 2240 est,
891 2162 1041 2226 innocens
1075 2165 1125 2226 est
1153 2160 1272 2226 Christi

112 2268 256 2333 societas
283 2286 340 2351 per
367 2287 477 2332 omnes
505 2268 731 2332 transmarinas
761 2273 883 2352 gentes,
913 2269 1004 2332 cuius
1029 2267 1192 2332 societatis
1217 2287 1274 2332 nos

111 2375 340 2440 communione
373 2375 560 2460 gaudemus,
589 2383 621 2440 et
652 2375 723 2439 ideo
757 2376 795 2439 ab
830 2375 875 2438 eis
908 2375 1129 2440 innocentibus
1162 2373 1273 2454 utique

111 2482 274 2565 sacrilega
307 2481 514 2566 diremptione
548 2486 745 2565 separantur;
781 2482 807 2546 si
841 2501 915 2546 uero
949 2484 1021 2546 acta
1052 2480 1096 2544 ibi
1130 2485 1180 2544 ost
1210 2481 1273 2544 ista

62 2617 91 2656 so
112 2607 235 2666 causa„
250 2589 323 2670 quis
347 2607 408 2654 nou
431 2587 608 2672 intellegat,
633 2590 704 2670 quis
733 2607 794 2652 non
824 2587 950 2666 sentiat,
976 2588 1049 2669 quis
1076 2606 1136 2653 non
1166 2586 1274 2652 uideat

111 2715 172 2762 eos
190 2696 224 2759 in
244 2714 282 2759 ea
299 2695 416 2771 uictos,
441 2715 575 2778 quorum
595 2695 668 2759 inde
692 2694 873 2759 communio
895 2697 1040 2777 separata
1059 2697 1128 2758 est?
1154 2694 1274 2778 eligant

111 2821 204 2887 ergo,
223 2804 333 2866 utrum
356 2802 471 2866 malint
493 2801 630 2879 credere,
650 2801 737 2883 quod
754 2801 1041 2882 pronuntiauerunt
1063 2787 1275 2864 ecclesiastici

111 2909 298 2993 cognitores
317 2928 356 2972 an
376 2907 462 2990 quod
480 2915 680 2974 murmurant
697 2908 777 2972 uicti
796 2907 985 2990 litigatores
1005 2905 1159 2972 aduersus
1178 2908 1273 2971 istam

210 3171 241 3224 11
264 3169 330 3225 Gen.
351 3171 395 3237 26,
412 3173 431 3224 4
450 3171 496 3236 (cf.
518 3171 560 3237 12,
580 3173 607 3238 3)

153 3297 168 3349 1
191 3293 323 3365 quosdam
342 3295 431 3349 adhuc
450 3295 487 3348 Ρ1
542 3297 558 3348 3
577 3294 662 3365 nuda]
683 3296 770 3349 orunis
789 3293 904 3348 nudaR
976 3308 1010 3346 ne
1029 3296 1073 3360 (m.
1092 3297 1108 3345 1
1126 3309 1195 3348 corr.
1216 3305 1275 3358 nec)

110 3388 218 3440 testem
236 3383 274 3438 M
344 3382 493 3443 4faciunt.
512 3399 547 3436 m.
567 3387 587 3437 2
605 3383 717 3452 fugiunt
734 3382 772 3436 P¹
847 3381 1002 3452 questiones
1016 3381 1044 3434 P
1111 3380 1274 3448 5unitatis]

110 3473 299 3528 humanitatis
313 3473 341 3526 P
393 3473 595 3527 sollicitudine·
610 3478 679 3540 (noa
690 3473 754 3541 fuit
772 3475 810 3539 m)
828 3472 856 3524 P
890 3473 907 3526 6
927 3475 958 3524 ut
978 3471 1023 3539 de]
1043 3467 1115 3524 unde
1130 3468 1276 3523 PMFAR

151 3563 307 3617 catholicae
327 3563 458 3633 ecclesiae
477 3563 505 3618 R
579 3563 779 3630 ldiffusaolm
799 3565 881 3630 orca)
900 3562 928 3615 P
945 3561 1059 3615 diffusae
1078 3559 1106 3614 R
1183 3561 1275 3631 potius
1325 3627 1328 3634 1

111 3655 145 3708 id
165 3649 230 3706 edd.
295 3650 441 3706 8diuinae
460 3653 612 3722 scripturae
630 3651 691 3706 cdd.
757 3653 791 3705 10
810 3653 869 3720 qui]
890 3667 942 3722 que
964 3654 991 3704 et
1010 3649 1047 3702 P¹
1118 3651 1147 3702 11
1170 3648 1204 3702 ad
1224 3664 1275 3702 oco.

109 3740 202 3799 m
240 3741 522 3813 lamentantem
541 3740 580 3795 Ρ1
598 3741 659 3799 cdd.
674 3747 791 3810 macter
810 3758 829 3795 a
882 3741 955 3793 inter
975 3757 1009 3807 nn,
1028 3757 1063 3793 m.
1084 3738 1231 3792 2interim
1252 3737 1279 3788 P

114 3833 151 3886 14
172 3839 203 3884 et
220 3831 275 3884 nisi
292 3830 385 3900 fallor]
405 3831 434 3884 ni
451 3830 532 3884 fallor
552 3835 581 3884 et
598 3831 626 3886 R
681 3832 715 3884 16
733 3831 878 3900 ignoscens
893 3829 921 3882 P
991 3829 1035 3897 xpi
1054 3843 1110 3881 coo.
1130 3844 1163 3880 eu
1180 3825 1230 3896 xps
1241 3826 1279 3879 M

114 3921 151 3974 18
172 3919 365 3972 communione
383 3935 444 3973 cum
462 3935 520 3972 roe.
539 3935 622 3987 asepcr
639 3935 654 3972 e
672 3919 710 3973 M
781 3919 890 3988 utrique
908 3917 939 3970 F
1011 3917 1044 3969 19
1064 3915 1196 3983 sacrilega
1215 3931 1277 3968 esim

112 4027 176 4064 ras.
195 4024 280 4076 carpor
298 4023 315 4061 a
333 4007 368 4060 M
385 4006 546 4076 sacrilegam
565 4009 592 4060 Δ
678 4007 832 4078 direptione
850 4007 888 4061 Μ
904 4007 976 4076 (cum
995 4021 1053 4059 ros.
1071 4020 1155 4072 super
1171 4009 1278 4057 uterem-

113 4113 171 4167 0000
190 4104 216 4163 0)
238 4096 291 4150 AO
414 4095 651 4150 ibiactaestP¹
675 4098 845 4165 (sedition.
865 4100 921 4151 rs.
941 4099 980 4160 se.)
1001 4094 1029 4148 R
1048 4097 1115 4147 nota
1134 4093 1172 4145 ibi
1193 4093 1280 4146 estC

113 4191 182 4243 acta
200 4189 245 4240 est
261 4185 302 4239 ibi
321 4185 381 4238 edd.
437 4183 472 4238 20
491 4184 617 4254 tellogat,
636 4203 670 4238 m.
689 4192 705 4238 1
723 4202 793 4240 coer.
813 4185 959 4252 intellegat
977 4183 1014 4236 M
1072 4199 1124 4235 non
1145 4186 1191 4251 (on
1210 4185 1278 4237 m.1

112 4281 148 4332 in
165 4277 236 4341 roe.)
254 4273 357 4328 sentiat
374 4273 405 4327 F
455 4274 487 4326 21
509 4273 583 4343 inde]
602 4273 671 4327 itide
690 4278 734 4341 (ω
755 4291 781 4326 a.
800 4291 835 4328 m.
849 4275 964 4342 fuctum
982 4273 1052 4338 uid.)
1075 4273 1099 4326 0
