3092 4959
213 350 276 412 600
566 349 591 400 S.
621 347 758 401 Aureli
786 349 1004 416 Augustini

211 545 319 606 utrum
348 562 461 623 auriam
492 543 604 606 stadiis
628 545 740 606 multis
766 563 862 626 super
886 563 919 608 se
943 544 1060 609 habeat
1082 545 1179 608 altam
1203 566 1241 609 au
1267 566 1368 610 unum

212 650 353 732 palmum
387 650 438 713 uel
473 649 621 732 digitum,
657 651 702 714 sic
731 650 816 717 illos.
851 651 904 731 qui
933 651 1068 714 tendunt
1097 652 1137 715 ad
1164 654 1370 734 sapientiam.

212 755 363 838 proficere
392 756 518 838 quidem
550 756 659 820 dicunt
687 759 851 838 tamquam
880 757 918 820 ab
948 758 1011 820 imo
1037 759 1174 842 gurgitis
1198 767 1370 841 surgentes

211 865 241 928 iu
268 883 381 938 aerem,
407 863 472 929 sed.
498 863 557 926 nisi
578 867 676 926 totam
699 864 870 927 stultitiam
891 866 983 927 uelut
1002 865 1232 946 opprimentem
1252 885 1370 946 aquam

212 970 403 1053 proficiendo
436 971 528 1034 uelut
556 970 745 1052 ernergendo
776 971 946 1045 euaserint,
980 991 1041 1034 non
1069 971 1183 1035 habere
1213 973 1368 1035 uirtutem
1402 991 1415 1028 ὁ

212 1096 268 1140 uec
297 1095 367 1139 esse
397 1077 569 1158 sapientes:
602 1076 655 1140 uiri
683 1080 790 1139 autem
820 1078 989 1152 enesaunt,
1023 1097 1094 1141 mox
1121 1079 1236 1142 habere
1265 1084 1368 1142 toturn

211 1202 268 1246 nec
285 1184 454 1265 quicquam
471 1183 628 1247 stultitiae
644 1203 814 1260 remanere,
835 1184 918 1248 unde
934 1184 1061 1248 omnino
1076 1185 1178 1248 ullum
1198 1191 1368 1266 peccatum

212 1291 317 1371 possit
340 1292 482 1354 existere.

147 1390 187 1452 13
257 1398 342 1476 Haec
368 1397 556 1464 similitudo.
582 1399 636 1462 ubi
661 1398 802 1462 stultitia
826 1398 916 1463 uelut
936 1419 1016 1482 aqua
1041 1403 1074 1463 et
1097 1401 1252 1480 sapientia
1273 1399 1366 1462 uelut

212 1524 264 1567 uer
296 1505 432 1586 ponitur,
467 1510 503 1567 ut
536 1505 660 1568 animus
694 1525 712 1567 a
744 1507 977 1588 praefocatione
1011 1507 1169 1570 stultitiae
1200 1509 1363 1586 tamquam
1385 1527 1411 1564 ιο

213 1631 377 1692 emergens
411 1612 441 1674 in
476 1611 663 1692 sapientiam
698 1617 827 1694 repente
860 1615 1004 1694 respiret.
1036 1633 1097 1676 non
1130 1613 1210 1675 mihi
1238 1613 1368 1675 uidetur

214 1719 290 1782 satis
312 1717 549 1780 accommodata
568 1723 744 1781 nostrarum
766 1717 994 1799 scripturarum
1015 1718 1208 1783 auctoritati.
1233 1717 1289 1780 sed
1310 1717 1366 1779 illa

212 1825 331 1907 potius,
366 1829 402 1886 ut
434 1824 550 1886 uitium
584 1823 636 1886 uel
671 1824 812 1887 stultitia
843 1824 993 1898 tenebris,
1026 1825 1090 1888 luci
1123 1828 1230 1887 autem
1261 1824 1365 1887 uirtus

212 1932 263 1994 uel
289 1930 444 2012 sapientia
463 1933 673 2010 comparetur,
700 1933 854 2012 quantum
874 1931 937 1993 ista
957 1931 1074 1993 similia
1093 1930 1130 1992 de
1150 1929 1365 2012 corporalibus

213 2037 251 2100 ad
280 2037 502 2116 inteliegibilia
531 2037 605 2099 duci
633 2041 780 2116 possunt.
813 2057 874 2100 non
904 2037 1013 2118 itaque
1040 2038 1125 2101 siout
1149 2037 1188 2100 de
1215 2039 1305 2118 aquis
1333 2038 1364 2099 in
1384 2057 1410 2096 ιε

213 2163 315 2207 aerem
333 2163 477 2226 surgens.
498 2143 552 2206 ubi
569 2163 675 2206 eurum
692 2162 854 2206 srrrnmum
868 2144 1039 2222 transierit,
1054 2148 1193 2224 repente,
1213 2156 1364 2225 quantuni

214 2251 342 2324 sufficit,
370 2251 552 2332 inspiratur,
582 2250 637 2313 sed
666 2250 750 2312 sieut
779 2250 817 2313 de
845 2252 983 2315 tenebris
1010 2252 1042 2313 in
1065 2251 1171 2314 lucem
1194 2250 1365 2332 procedens
1425 2294 1427 2297 -

212 2360 365 2440 paulatim
386 2357 616 2440 progrediendo
636 2357 851 2420 inluminatur.
877 2359 961 2439 quod
981 2359 1079 2421 donec
1097 2357 1283 2441 plenissime
1301 2357 1365 2423 tien

249 2572 261 2621 l
283 2583 353 2635 aqua
372 2566 392 2619 I
453 2566 559 2619 istadiis
580 2563 612 2618 H
630 2565 740 2631 studiis,
760 2584 795 2618 ru,
815 2570 830 2618 1
849 2583 917 2619 corr.
938 2565 1034 2618 stadiis
1053 2567 1086 2618 N
1150 2568 1196 2634 aul
1217 2571 1273 2620 aut.
1292 2583 1363 2619 corr.

211 2677 244 2711 au
264 2657 294 2710 N
312 2661 359 2709 aut
378 2656 437 2710 edd.
536 2673 618 2708 unum
638 2656 756 2724 palmum
778 2661 824 2708 aut
844 2656 960 2724 digitum
981 2654 1018 2707 P¹
1038 2661 1084 2717 (uu
1099 2672 1156 2723 pro
1175 2659 1234 2715 aut)
1252 2655 1367 2707 KVXR

211 2747 271 2800 edd.
290 2753 400 2813 praeter
414 2763 440 2798 m
458 2745 548 2814 palmo
569 2749 616 2798 aut
636 2745 723 2812 digito
741 2744 764 2796 0
783 2745 872 2812 palmo
893 2747 936 2797 uei
956 2743 1045 2812 digito
1059 2745 1185 2812 Eugippi
1198 2744 1257 2796 cod,
1273 2745 1366 2796 Pam.

213 2839 291 2888 2109
308 2852 362 2888 uno
382 2835 471 2904 pulmo
492 2841 539 2886 aut
559 2835 647 2901 digito
668 2851 693 2886 ru
766 2831 1012 2898 3tr‘r,rn.1udd.
1034 2833 1167 2902 quaml(
1250 2833 1366 2901 gurgitis

213 2925 351 2990 surgentis
370 2929 414 2985 (m.
434 2929 465 2974 ut
483 2922 541 2975 uid.
562 2927 576 2974 1
595 2938 664 2976 corr.
685 2926 838 2990 surgentes)
857 2923 884 2974 P
902 2925 1046 2990 surgentes
1065 2922 1184 2989 gurgitis
1203 2920 1235 2973 K
1241 2921 1290 2974 i'R
1307 2937 1365 2972 sur·

215 3014 304 3082 gentis
330 3013 447 3081 gurgitis
467 3011 536 3064 P¹N
642 3011 710 3064 4iu
732 3028 794 3080 nere
816 3009 847 3062 u
952 3010 1318 3078 nisitotamlinistotam
1344 3009 1368 3058 i'

250 3103 447 3169 opprimentem
468 3106 568 3164 (entem
590 3100 619 3151 r'u
638 3115 694 3154 ras.
715 3117 748 3152 m.
770 3103 798 3164 1)
817 3099 848 3152 N
866 3099 1021 3167 oppriment
1038 3098 1072 3151 H
1124 3097 1284 3152 oue-alud
1301 3099 1367 3164 (fud

212 3190 270 3256 luri)
290 3191 322 3243 N
427 3189 618 3258 emergendunr
639 3189 675 3240 Pl
785 3191 908 3240 titutum
929 3188 1054 3256 Eupippi
1072 3187 1131 3240 cod.
1156 3187 1218 3240 Vat.
1239 3194 1264 3240 et
1281 3187 1366 3240 Deru.

210 3282 224 3333 7
245 3279 367 3332 stultitia
386 3278 448 3330 ΗΚ
465 3283 508 3345 (ru.
530 3281 549 3330 2
567 3278 714 3344 stultitiae)
787 3277 872 3335 illurn,
892 3294 926 3329 m.
947 3284 967 3328 2
985 3277 1069 3329 ullum
1091 3277 1121 3329 K
1138 3277 1241 3330 nultum
1259 3276 1288 3329 R
1307 3276 1365 3328 Eu-

208 3369 285 3436 pippi
305 3368 364 3421 cod.
388 3368 450 3420 Vut.
506 3375 522 3420 a
542 3368 630 3436 possit
649 3383 709 3433 oue,
728 3385 762 3421 m.
784 3371 803 3419 2
823 3365 887 3418 add.
908 3365 942 3417 N
1001 3367 1018 3419 2
1039 3367 1136 3418 stultia
1154 3365 1181 3418 P
1199 3365 1318 3434 stulticie
1337 3363 1368 3416 H

212 3459 244 3511 10
265 3457 368 3510 animus
388 3455 415 3510 R
488 3457 683 3525 prouocatione
703 3455 736 3508 H
806 3460 916 3522 taquam
937 3454 978 3508 bu
996 3453 1034 3506 P¹
1127 3455 1156 3506 ll
1178 3456 1205 3506 in
1225 3453 1366 3524 sapientie,

210 3565 242 3598 ru.
263 3551 278 3598 1
298 3563 366 3599 corr.
386 3547 413 3598 in
434 3545 570 3612 snpientia
590 3545 660 3598 Pin
681 3545 817 3614 sapientia
835 3542 886 3596 HI
908 3543 969 3596 edd.
990 3549 1104 3612 praeter
1122 3561 1148 3596 ru
1166 3543 1291 3612 Eupippi
1308 3543 1366 3595 cod.

217 3635 279 3688 Vnt.
300 3635 435 3703 sapientia
455 3633 524 3686 1³¹1<
531 3633 637 3686 VNRC
731 3633 873 3700 respinret
892 3637 934 3696 (cc
954 3649 1024 3686 erue.
1044 3631 1069 3698 ?)
1088 3632 1122 3684 K
1137 3632 1284 3702 respiceret
1301 3631 1368 3683 P¹i⁷

215 3726 247 3777 12
268 3724 471 3776 accommodata
484 3724 513 3776 N
532 3727 572 3790 (ta
591 3724 622 3774 iu
636 3739 692 3776 rus.
708 3740 741 3776 ru.
757 3727 782 3781 1)
798 3721 825 3774 R
844 3725 898 3788 (mo
913 3739 947 3774 m.
963 3725 993 3784 2)
1014 3720 1188 3774 accommoda
1201 3722 1229 3774 P
1245 3719 1368 3788 Eupippi

210 3813 287 3867 codd.
304 3819 417 3881 practer
441 3813 503 3868 Vnt.
524 3819 547 3865 et
568 3812 662 3864 Paris.
684 3815 777 3864 11642
854 3811 1014 3863 auctoritati
1034 3827 1089 3864 ras.
1110 3827 1143 3864 ex
1161 3810 1323 3864 auctoritate
1341 3809 1369 3860 P

211 3902 375 3954 auctoritate
395 3901 519 3970 Eugippr'
538 3900 616 3953 codd.
632 3900 759 3968 pler-ique
852 3900 885 3951 13
905 3899 1003 3952 stultia
1021 3899 1049 3951 P
1132 3901 1164 3953 14
1184 3899 1319 3968 sapientie
1336 3897 1367 3948 H

249 3994 449 4058 compararetur
467 3990 537 4042 P'K
554 3995 594 4058 (ru
612 4007 646 4042 ru.
668 3989 769 4049 2ι1σ1.)
794 3989 820 4041 V
900 3988 1059 4057 corporibus
1080 3989 1098 4040 Ι
1171 3989 1204 4040 15
1223 3986 1294 4051 duci,
1312 4003 1365 4038 roe.

214 4079 267 4133 dici
287 4079 322 4132 P¹
343 4079 395 4132 dici
415 4079 442 4131 P
515 4080 547 4133 16
567 4079 669 4146 earum]
690 4079 819 4130 aerurul
895 4093 1000 4130 summa
1020 4077 1069 4129 HI
1138 4082 1250 4146 repente
1270 4081 1365 4143 (postr.

216 4171 233 4224 l.
253 4169 284 4221 iu
304 4185 358 4222 rar.
377 4187 411 4222 ru.
432 4173 455 4236 1)
475 4169 507 4221 K
562 4169 592 4221 17
613 4167 672 4220 luce
692 4166 724 4219 K
742 4176 788 4221 (m.
808 4170 828 4220 2
846 4167 916 4227 luce)
936 4167 963 4220 R
1020 4167 1052 4220 la
1072 4163 1272 4236 progregiendo
1291 4165 1365 4217 mica

220 4257 248 4310 H
266 4257 459 4327 progrediente
480 4256 517 4310 ΡῙ
536 4257 699 4324 egrediendo
720 4257 846 4325 Enpippr'
864 4256 922 4310 cod.
948 4256 1011 4310 rat.
