3092 4959
306 363 372 428 286
669 361 697 416 S.
723 361 862 416 Aureli
889 363 1105 431 Augustini

308 561 357 622 est
384 557 497 640 igitur:
532 557 619 623 Vidi
648 556 755 622 deum
785 556 882 621 faeie
911 557 955 621 ad
987 557 1122 622 faciem
1152 562 1189 622 et
1218 559 1326 623 salua
1357 559 1445 624 laetu

307 668 367 730 eat
398 664 520 728 anima
552 667 652 730 mea?
685 683 723 730 an
753 667 786 728 et
812 664 874 729 hou
900 684 962 730 non
991 668 1042 730 eat
1069 665 1262 731 ceutramum
1290 665 1347 744 illi,
1375 663 1444 748 quud

309 771 431 836 dietum
454 775 519 837 eet:
543 771 660 836 Deum
683 791 789 837 nemo
814 771 914 836 uidit
937 776 1133 855 umquam?
1156 777 1188 836 et
1206 773 1298 850 illud,
1318 773 1400 856 quod
1416 771 1444 834 de

308 879 420 963 Moyse
451 879 606 963 seriptum
639 881 700 958 est,
729 878 804 961 quia
831 879 1060 961 loquebatur
1092 898 1165 944 eum
1195 880 1253 945 dee
1286 879 1383 945 faeie
1413 877 1445 942 ud

309 986 456 1065 faeiem,
482 987 585 1051 sieut
609 987 694 1068 quis
717 986 892 1068 loquitur
915 985 959 1050 ad
983 988 1142 1052 amioum
1166 1005 1289 1063 suum;
1315 990 1347 1051 et
1368 985 1474 1060 illul⁵
1532 1019 1533 1076 p

311 1094 395 1176 quod
418 1093 573 1176 propheta
590 1093 702 1158 Esaias
722 1093 761 1158 de
781 1111 814 1157 se
833 1094 903 1176 ipso
922 1095 1057 1175 loquens
1077 1095 1137 1160 ait:
1161 1094 1249 1158 Vidi
1273 1093 1445 1158 deminum
1532 1079 1533 1164 f

311 1198 471 1265 sabaoth
496 1199 688 1264 sedentem
712 1199 749 1263 in
772 1199 919 1278 throno,
944 1204 977 1264 et
995 1200 1022 1266 ei
1047 1219 1109 1282 qua
1132 1200 1194 1265 ulia
1218 1200 1323 1266 solent
1345 1199 1446 1263 similia

310 1306 497 1372 testimonia
524 1326 560 1371 ex
588 1305 698 1372 eadem
722 1307 912 1372 auctoritate
935 1308 1077 1391 proferri,
1102 1325 1164 1390 que
1187 1307 1282 1372 medo
1306 1326 1365 1370 nen
1387 1311 1446 1368 sunt

313 1414 469 1479 contraria
500 1415 687 1492 sententiae,
720 1433 783 1496 qua
816 1413 938 1480 dietum
976 1419 1039 1480 est:
1078 1415 1195 1479 Deum
1226 1433 1332 1478 neme
1365 1411 1446 1476 uidit

312 1524 507 1603 umquam?
531 1539 724 1603 quamquam
743 1526 777 1587 et
794 1522 900 1604 ipsum
921 1522 1125 1606 euangelium
1143 1523 1252 1603 potest
1274 1519 1377 1602 putari
1399 1515 1445 1582 sibi
1460 1525 1477 1564 ¹⁰

314 1645 386 1691 esse
405 1627 607 1692 eontrarium,
627 1647 688 1711 quo
707 1628 801 1693 modo
819 1628 904 1693 euim
921 1648 1033 1693 uerum
1054 1633 1113 1708 est,
1128 1627 1214 1710 quod
1231 1628 1263 1692 in
1278 1647 1315 1694 ao
1334 1627 1446 1692 dieitur:
1533 1619 1534 1694 ἰ

316 1733 387 1813 Qui
415 1754 470 1798 me
499 1733 608 1811 uidit,
637 1734 738 1799 uidit
768 1739 806 1799 et
836 1738 991 1817 patrem,
1026 1735 1053 1800 si
1086 1735 1195 1799 deum
1227 1731 1447 1798 nemu-uidit
1533 1719 1534 1728 ’

317 1843 511 1921 umquam?
544 1861 606 1923 quo
635 1841 729 1907 mede
759 1861 873 1906 uerum
907 1846 968 1907 est:
1002 1841 1139 1927 Angeli
1167 1860 1291 1906 eorum
1320 1855 1447 1919 semper

318 1945 451 2011 uident
468 1946 603 2012 faeiem
622 1947 744 2031 patria
763 1949 844 2028 mei,
860 1947 888 2012 si
904 1948 1010 2012 deum
1031 1967 1135 2014 neme
1154 1947 1255 2012 uidit
1273 1945 1446 2029 umquam?

250 2047 293 2109 14
363 2049 432 2130 Qua
463 2053 563 2138 igitur
593 2055 706 2138 regula
736 2054 972 2140 intellegentiae
1009 2058 1073 2120 ista
1108 2054 1212 2120 ueluti
1249 2053 1396 2120 contraria
1423 2053 1478 2112 et¹⁵

315 2160 526 2243 repugnantia
557 2180 617 2226 non
650 2181 722 2226 esse
755 2163 911 2227 centraria
941 2181 999 2227 nec
1030 2181 1205 2246 repugnare
1240 2157 1469 2244 probabimur

317 2285 418 2347 neque
451 2267 533 2330 enim
567 2267 634 2331 fieri
666 2270 733 2334 ullo
770 2269 865 2334 medo
903 2273 1020 2352 petest,
1053 2273 1090 2334 ut
1126 2270 1203 2334 haee
1240 2268 1447 2352 seripturarum

318 2375 491 2441 aucteritas
515 2374 622 2456 aliqua
645 2393 682 2439 er
704 2378 794 2458 parte
817 2375 1000 2440 mentiatur.
1032 2375 1061 2440 si
1088 2375 1225 2440 dicimus
1252 2374 1285 2438 in
1312 2391 1357 2448 ee,
1378 2365 1449 2452 quel

319 2483 474 2565 seriptum
498 2485 561 2546 eat:
588 2481 703 2545 Deum
726 2501 832 2546 nemo
857 2482 958 2547 uidit
980 2501 1164 2566 umquam,
1183 2482 1327 2549 hemines
1344 2481 1449 2544 tautum

318 2590 413 2656 medo
432 2588 675 2673 intellegentur,
695 2589 781 2653 sieut
799 2589 893 2653 etiam
913 2589 995 2654 illud
1014 2590 1136 2655 dietum
1161 2593 1224 2654 eat:
1249 2588 1359 2653 Nemo
1380 2583 1450 2654 scia
1463 2585 1483 2623 ’θ

321 2697 410 2780 quid
439 2691 574 2779 ag'atur
599 2695 636 2759 in
666 2695 824 2772 homine,
853 2697 927 2762 uisi
956 2697 1118 2780 spiritua
1147 2695 1320 2770 neminie,
1347 2688 1449 2774 quiin

321 2806 404 2889 ipse
433 2808 502 2879 est,
531 2840 573 2848 -
602 2822 706 2868 neme
734 2804 847 2885 utique
875 2803 932 2868 sed
960 2803 1138 2880 huminum
1172 2821 1274 2884 neque
1303 2800 1378 2865 enim
1402 2795 1450 2858 hee

323 2911 361 2977 le
385 2911 444 2975 deo
469 2909 570 2992 accipi
592 2914 710 2991 petest,
730 2928 803 2975 eum
828 2909 866 2974 de
890 2909 1017 2976 Christo
1042 2910 1197 2994 seriptum
1221 2909 1265 2974 sit
1288 2927 1352 2973 nou
1374 2917 1451 2985 opus

323 3018 435 3094 fuisse,
468 3020 505 3080 ut
543 3017 741 3098 quisquam
779 3015 841 3080 illi
877 3016 1139 3081 testimenium
1176 3015 1387 3100 perhiberet
1417 3005 1452 3067 de

325 3122 483 3201 homine,
509 3124 683 3206 queniam
711 3123 794 3207 ipse
819 3123 975 3200 sciebat,
1001 3123 1090 3205 quid
1119 3127 1222 3188 esset
1251 3123 1287 3185 in
1311 3111 1487 3183 humine:²'‘

417 3347 520 3402 lGen.
539 3349 581 3410 32,
602 3347 637 3401 30
726 3346 926 3408 4Ex.33,ll
1020 3347 1181 3415 6Es.6,1
1269 3347 1300 3400 12
1318 3345 1370 3401 lah.
1388 3337 1454 3397 ῙΗ

328 3437 360 3492 13
379 3435 478 3491 Matth.
500 3437 542 3506 18,
563 3437 597 3490 10
651 3433 896 3502 201001.'2,11
954 3435 1167 3504 2310h.2,25

365 3563 442 3616 lest
460 3563 491 3615 in
509 3563 565 3627 fine
583 3577 611 3613 u.
630 3575 681 3612 om.
704 3559 730 3612 T
802 3576 866 3629 ergo
886 3558 945 3613 eud.
1019 3558 1126 3612 diruo
1208 3557 1295 3611 thoe
1314 3551 1455 3610 conuentum

328 3659 378 3716 eet,
397 3669 431 3705 m.
451 3655 467 3704 1
485 3666 554 3704 cerr.
575 3650 626 3703 hoc
645 3650 809 3702 eontrarium
828 3666 882 3702 uon
902 3652 944 3702 eat
966 3647 992 3702 T
1062 3647 1078 3700 3
1097 3646 1170 3700 uidit
1188 3661 1251 3715 om,
1270 3663 1303 3702 m.
1323 3649 1337 3698 1
1353 3639 1407 3696 add.
1424 3633 1457 3689 Μ

328 3745 393 3796 tae
412 3755 462 3792 om.
486 3736 602 3792 TT¹OL
621 3737 855 3805 euupraeterm
959 3736 1018 3790 dnm
1039 3741 1067 3801 (n
1086 3737 1157 3803 exp.)
1176 3734 1202 3786 A
1222 3733 1268 3787 dm
1289 3723 1456 3790 Tpfflry'.

325 3847 355 3899 p.
375 3832 485 3884 290.2
597 3823 1030 3892 9centrariaeoleeraa.)il1
1156 3825 1221 3894 quia
1239 3824 1261 3888 (i
1279 3809 1456 3878 matema

332 3921 365 3973 12
388 3918 465 3972 uidet
487 3917 564 3970 uidet
590 3914 708 3969 TT¹OP
722 3897 790 3969 'edu
811 3921 924 3983 praeter
945 3931 972 3968 m
995 3913 1071 3968 uidet
1090 3937 1115 3966 υ
1134 3913 1200 3981 (suit
1224 3919 1263 3978 et)
1287 3909 1358 3964 uidet
1377 3901 1455 3968 lutf-

327 4027 356 4077 ρ,
377 4010 486 4067 238.3
550 4007 584 4058 14
602 4005 667 4070 mei]
686 4005 740 4057 mei
759 4005 807 4071 qui
825 4004 852 4056 in
873 4003 955 4058 caelis
975 4007 1017 4057 eet
1039 4003 1065 4056 T
1080 4017 1131 4056 aec.
1149 4017 1222 4056 eurr.
1243 4002 1294 4055 litt.
1359 3996 1386 4049 15
1401 3989 1456 4057 (lul'

336 4094 452 4150 Tmou
525 4095 645 4162 regulam
668 4091 927 4160 T¹01egu1a.·(ni
946 4095 1027 4160 erae.)
1046 4091 1073 4144 L
1146 4090 1179 4144 16
1193 4089 1335 4160 reprobare
1354 4083 1458 4146 Ortpu·

332 4185 446 4255 guantia
464 4182 490 4236 L
581 4182 755 4252 probauimus
778 4181 841 4235 ΤΤι
922 4183 957 4236 23
977 4181 1013 4234 eit
1032 4197 1083 4234 om.
1106 4178 1198 4234 TT¹O
1217 4187 1249 4248 (a.
1268 4195 1295 4231 u.
1314 4193 1345 4231 m.
1362 4175 1375 4226 1
1390 4164 1459 4227 add.)

332 4271 543 4329 mmmP
