3092 4959
267 391 331 458 460
621 390 648 446 S.
677 391 818 445 Aureli
845 391 1065 461 Augustini

267 606 329 668 quo
363 586 457 651 modo
490 585 547 650 illu
579 586 740 671 generatio
772 604 836 651 uuo
870 586 987 651 delicto
1021 588 1153 672 obligat,
1188 588 1274 671 quod
1307 593 1357 653 est
1384 608 1416 652 er

266 692 379 769 Adam,
403 693 450 756 ita
467 693 531 757 ista
549 693 746 777 regeneratio
771 713 871 757 unum
896 694 1046 758 delictum
1073 695 1182 774 soluit,
1208 695 1295 778 quod
1318 697 1367 759 est
1384 714 1416 759 er

265 800 382 874 anaim
403 800 459 865 sed
483 800 532 864 illi
550 800 678 882 quidem
703 800 899 883 generationi
924 800 1044 865 suffieit
1062 800 1101 864 ad
1125 802 1415 867 condemnationem

267 908 361 972 nnius
381 907 491 972 delicti
510 908 638 973 conexio
657 944 693 953 -
713 907 866 989 quioquid
885 907 968 971 enim
988 912 1099 991 postea
1118 907 1263 973 homines
1279 909 1416 973 ermetis

267 1016 334 1079 suis
360 1014 508 1096 operibus
532 1013 663 1092 addunt,
688 1032 749 1079 nou
772 1014 911 1097 pertinet
929 1014 968 1078 ad
990 1014 1079 1078 illam
1104 1015 1342 1098 generationem
1366 1013 1415 1079 sed
1440 1036 1452 1077 a

267 1122 306 1185 ad
326 1123 497 1186 lmmanum
517 1121 792 1187 conseruationem
814 1158 865 1199 —-,
886 1120 961 1185 huie
980 1125 1086 1185 autem
1105 1122 1339 1205 regenerationi
1362 1141 1415 1185 non

268 1228 388 1293 suffieit
414 1226 496 1292 illud
524 1228 677 1292 delictum
704 1231 830 1291 tantum
858 1228 953 1291 modo
983 1227 1117 1306 soluere,
1146 1228 1232 1311 quod
1261 1247 1298 1292 ex
1322 1228 1415 1292 Adam

266 1336 414 1414 trahitur,
435 1336 490 1400 sed
506 1334 658 1417 quioquid
674 1334 770 1399 etiam
786 1339 899 1417 postea
914 1354 949 1398 er
962 1335 1083 1417 iniquis
1100 1336 1250 1417 operibus
1265 1334 1415 1400 humanae

268 1443 518 1507 conuersationis
543 1440 676 1505 accedit.
704 1441 777 1505 ideo
806 1442 989 1506 iudicium
1018 1460 1057 1505 ex
1086 1461 1157 1505 uno
1186 1442 1222 1505 in
1253 1441 1415 1506 condem·

268 1550 467 1625 nationem,
497 1548 620 1631 gratia
648 1552 771 1612 autem
804 1568 844 1611 ex
872 1550 1004 1612 multis
1034 1548 1190 1613 delictis
1219 1549 1255 1612 in
1281 1546 1451 1612 iustiti-n

269 1657 464 1721 rationem.

203 1757 244 1820 13
314 1762 352 1827 Si
376 1764 470 1826 euim
496 1762 540 1827 oh
561 1763 670 1827 unius
696 1762 876 1826 delictum
901 1782 998 1827 mors
1018 1763 1195 1845 regnauit
1214 1782 1280 1845 per
1299 1781 1414 1837 unum,

268 1890 363 1952 aquo
384 1869 501 1934 delieto
520 1869 646 1952 paruuli
664 1889 721 1951 per
740 1868 934 1951 baptismum
956 1869 1130 1950 expiantur,
1150 1869 1271 1933 multo
1291 1868 1413 1951 magis.

269 1976 331 2058 qui
351 1975 618 2040 abundantiam
639 1975 785 2058 gratiae
806 1981 842 2038 et
860 1974 1036 2038 iustitiae
1056 1974 1265 2057 recipiunt,
1284 1975 1321 2037 in
1341 1975 1415 2038 uita

269 2083 480 2167 regnabunt
513 2101 576 2164 per
609 2102 720 2146 uuum
749 2082 874 2145 Iesum
904 2080 1112 2157 Christunn
1147 2083 1268 2147 multo
1302 2081 1450 2164 magiae

269 2188 379 2271 utique
403 2190 438 2253 in
463 2189 545 2252 uita
568 2188 790 2271 regnabunt,
815 2189 890 2270 quia
914 2192 1057 2252 aeternae
1082 2188 1167 2253 uitae
1191 2208 1328 2273 regnum
1352 2189 1414 2263 erit,

269 2314 353 2360 mors
392 2299 499 2359 autern
531 2296 562 2359 in
601 2297 647 2360 eis
683 2294 902 2376 temporaliter
937 2296 1061 2373 transit,
1098 2314 1159 2359 non
1191 2296 1223 2359 in
1258 2292 1414 2361 aeternum

269 2403 425 2486 regnabit.
458 2403 586 2485 iaque
625 2402 728 2467 eiout
764 2421 829 2484 per
867 2402 975 2466 unius
1010 2400 1190 2467 delictum
1223 2403 1262 2467 in
1296 2420 1414 2467 omnes

270 2509 442 2574 homines
468 2509 511 2573 ad
535 2509 896 2587 condemnationem,
922 2508 960 2573 de
985 2526 1048 2591 qua
1072 2508 1336 2573 condemnatione
1358 2526 1417 2589 par·

271 2615 339 2679 uuli
368 2635 425 2699 per
452 2618 686 2679 sacramentum
713 2616 866 2699 baptismi
897 2615 1052 2679 liberandi
1086 2619 1172 2689 sunt,
1206 2615 1261 2679 ita
1295 2620 1331 2679 et
1363 2632 1452 2696 pers

271 2723 385 2787 unius
409 2721 732 2787 iustificationem
756 2722 794 2786 in
820 2741 949 2787 omnes
973 2722 1145 2786 homines
1170 2722 1213 2786 ad
1239 2720 1418 2786 iustiiioa·

273 2830 413 2893 tionem
438 2828 549 2895 uitae.
580 2833 612 2892 et
636 2830 686 2892 hie
716 2834 864 2893 ‘omnes’
894 2828 972 2892 dirit
996 2832 1029 2893 et
1050 2828 1106 2905 ibi,
1131 2848 1193 2893 non
1218 2830 1293 2912 quia
1317 2846 1418 2893 omnes

271 2936 417 2999 homines
446 2936 580 3000 ueniunt
607 2936 646 2999 ad
674 2936 809 3019 gratiam
836 2934 1075 2999 iustificationis
1105 2934 1235 3011 Christi,
1265 2954 1337 2999 eum
1360 2938 1417 2997 tam

243 3040 246 3045 ’
272 3042 366 3106 multi
390 3041 520 3105 alienati
543 3042 581 3105 ab
605 3042 661 3105 illa
683 3043 715 3106 in
740 3045 902 3107 aeternum
927 3041 1111 3115 moriantur,
1137 3042 1194 3106 eed
1214 3042 1287 3123 quia
1307 3056 1416 3106 omnes.

273 3148 328 3229 qui
351 3152 562 3213 renaseuntur
583 3149 615 3213 in
639 3148 912 3227 iustificationem,
943 3167 1004 3212 non
1028 3148 1091 3213 nisi
1114 3168 1172 3229 per
1195 3146 1357 3214 Christum
1379 3160 1451 3209 res

274 3258 457 3331 naseuntur,
491 3255 577 3319 siout
609 3276 728 3334 omnm,
762 3256 817 3337 qui
850 3259 1024 3320 naseuntur
1055 3255 1087 3318 in
1121 3254 1415 3320 condemnationem.

274 3380 335 3425 non
360 3362 421 3427 nisi
444 3382 500 3446 per
521 3362 623 3427 Adam
647 3367 832 3428 naseuntur.
862 3380 954 3427 nemo
983 3362 1101 3445 quippe
1125 3362 1230 3426 estin
1255 3362 1311 3425 illa
1335 3376 1416 3443 gene

273 3468 396 3533 ratione
433 3473 558 3551 praeter
589 3469 703 3548 Adam,
739 3488 832 3534 nemo
866 3470 898 3533 in
930 3468 993 3533 ista
1031 3468 1269 3552 regeneratione
1306 3468 1417 3551 praeter

310 3765 327 3816 2
346 3766 517 3834 regeneratio
536 3767 590 3819 ista
613 3766 638 3819 T
702 3767 844 3834 generatio
866 3766 914 3821 CO
981 3766 1073 3836 soluIt]
1094 3766 1179 3819 solum
1200 3782 1219 3819 α
1237 3764 1325 3819 solum
1343 3758 1415 3817 soluit

275 3860 335 3908 cett.
355 3853 415 3907 edd.
481 3853 700 3909 3ad-eonerio
720 3870 771 3910 oua.
791 3855 819 3907 P
881 3854 1087 3925 tgenerationi
1110 3854 1188 3908 COT
1243 3850 1415 3907 leobanius

276 3941 405 3996 delictum
425 3958 477 3995 om.
495 3941 523 3994 P
614 3944 648 3995 14
666 3944 750 4008 intiu
770 3942 879 4010 (dieti)
970 3944 1002 3998 16
1022 3944 1117 4012 itaque
1135 3942 1162 3997 L
1253 3942 1281 3996 in
1300 3942 1413 3994 uitare.

275 4032 400 4100 Eupippi
418 4032 477 4085 eud.
497 4032 559 4086 Vet.
617 4037 854 4100 qua,m.100rr.
875 4032 979 4101 quiat)
1015 4032 1048 4086 18
1067 4032 1235 4101 regnauitP
1271 4032 1306 4086 20
1323 4026 1415 4098 baptis·

276 4120 407 4174 matioT
463 4124 491 4174 et
509 4138 561 4175 ona.
581 4122 642 4175 eald.
683 4123 715 4175 21
737 4122 764 4175 in
786 4138 878 4175 omnes
896 4122 1019 4177 homines
1038 4121 1072 4175 ad
1092 4120 1315 4176 testificationem
1333 4112 1418 4173 en.P

275 4211 310 4262 22
330 4226 424 4263 ornnes
443 4210 487 4263 hio
509 4210 557 4264 00
625 4211 660 4264 24
679 4210 829 4279 aeternum]
850 4194 899 4264 tun
917 4211 945 4262 P
1004 4211 1038 4265 26
1057 4212 1316 4265 sieut-naseuntur
1332 4200 1419 4262 ΜΡ

276 4299 311 4352 28
330 4299 547 4368 regeneratione]
565 4300 742 4368 generatione
762 4298 839 4353 COL
