3092 4959
554 421 818 492 epistularum
847 420 923 476 CXL.
1245 425 1307 488 185

154 636 218 682 non
242 617 273 681 in
296 617 391 681 tectis
416 619 511 698 atquc
530 616 716 700 parietibus,
735 636 796 681 non
816 617 846 680 in
866 633 1009 680 meorum
1029 617 1231 692 orbitatibus,
1252 617 1307 680 sed

154 727 187 788 in
217 743 308 788 came
335 743 408 790 mea
439 727 498 802 est,
527 723 579 788 cui
613 723 753 806 copulor,
783 724 834 787 cui
868 726 1024 799 conector‚
1053 724 1145 787 cuius
1178 741 1306 788 sensum

155 851 217 896 non
244 831 360 896 habere
387 849 447 898 non
476 849 621 912 possum:
656 830 738 894 unde
767 849 817 894 me
847 829 885 894 de
917 831 1060 912 proximo
1092 834 1196 913 urget,
1225 832 1263 894 ut
1290 849 1308 893 a

154 938 327 1021 patientioe
355 937 474 1002 uirtute
504 936 658 1002 deficiam.
688 955 731 1001 ne
757 936 947 1001 discedas
977 957 995 1000 c
1022 955 1090 1011 me,
1121 936 1308 1019 quoniam

124 1063 230 1109 snon
255 1047 327 1125 est,
352 1044 417 1127 qui
444 1042 613 1108 adiuuet
636 1063 737 1126 neque
762 1045 884 1109 amicus
908 1063 1010 1126 neque
1035 1042 1232 1126 propinquus
1254 1063 1307 1108 ue·

155 1171 217 1234 que
240 1153 379 1216 humens
395 1153 466 1216 laus
485 1170 587 1235 neque
606 1152 794 1233 praeteritae
813 1150 987 1215 recordatio
1008 1152 1185 1234 uoluptatis
1205 1169 1307 1232 nequo

156 1257 276 1341 aliquid
304 1277 422 1331 eornm,
452 1276 513 1339 quo
541 1263 681 1322 terrenae
714 1257 879 1322 felicitatis
912 1257 1003 1322 ruine
1034 1257 1177 1334 fulcitur,
1205 1276 1307 1340 neque

154 1364 235 1448 ipsc,
270 1383 351 1446 quae
382 1365 413 1428 in
447 1364 551 1428 animo
585 1383 654 1429 meo
688 1367 737 1429 est
769 1364 907 1428 humana
944 1365 1058 1440 uirtus,
1093 1355 1177 1446 quia,
1211 1365 1238 1429 si
1270 1366 1308 1428 tu

155 1471 286 1546 deseris,
315 1487 395 1553 quae
423 1471 561 1534 hominis
589 1472 716 1535 uirtus?
750 1470 847 1554 qnid
879 1472 941 1535 est
974 1471 1058 1536 enim
1090 1471 1216 1544 homo,
1246 1469 1307 1533 nisi

110 1577 259 1660 requei
283 1597 492 1642 memores
516 1577 628 1642 eius?

4 1680 44 1742 ll'
64 1682 108 1744 36
202 1684 570 1750 Circumdederunt
599 1705 655 1749 me
684 1685 811 1749 uituli
840 1684 970 1760 multi,
1000 1685 1060 1749 hoc
1089 1690 1139 1748 est
1168 1685 1306 1749 minores

156 1792 186 1855 in
226 1791 327 1874 plebe.
406 1793 514 1856 tauri
557 1793 730 1876 pingues
773 1792 1026 1857 obsederunt
1062 1811 1129 1861 me.
1162 1792 1224 1856 hoo
1257 1795 1307 1856 est

156 1899 284 1982 superbi
314 1917 348 1962 ac
378 1897 506 1974 diuites,
536 1900 693 1982 principes
721 1899 834 1982 plebis.
904 1901 1154 1982 operuerunt
1181 1899 1219 1962 in
1249 1917 1307 1961 me

158 2025 335 2070 ossuum
362 2043 404 2051 —
429 2005 607 2070 clamando:
639 2005 864 2090 crucifige,
890 2005 1097 2089 crucifige
1119 2041 1164 2052 -
1187 2005 1306 2088 quasi

110 2113 220 2176 rsleo
249 2111 411 2194 rapiens
440 2116 479 2176 et
506 2113 686 2196 rugiens;
721 2115 894 2197 rapuerunt
926 2113 1007 2176 enim
1043 2113 1306 2195 comprehensum

156 2218 349 2283 adducentes
378 2217 416 2283 ad
444 2219 619 2301 praesidem
649 2222 680 2283 et
707 2219 874 2303 rugierunt
900 2218 1036 2301 petendo
1064 2217 1133 2282 eius
1160 2221 1306 2281 mortem.

225 2325 335 2389 sicut
363 2344 463 2407 aque
493 2327 654 2390 eifrrsus
685 2345 780 2403 sum,
809 2330 973 2408 tamquam
1007 2327 1045 2388 ut
1077 2324 1108 2388 in
1142 2343 1192 2388 me
1224 2325 1306 2407 lapsi

157 2431 304 2495 caderent
327 2435 544 2513 persecutores
574 2433 646 2497 mei.
717 2433 906 2515 dispersa
934 2435 1028 2496 sunt
1057 2432 1188 2495 omnia
1215 2449 1308 2496 ossa

156 2557 254 2614 mea3
280 2538 356 2620 quid
380 2541 455 2602 sunt
478 2557 552 2602 ossa
575 2539 635 2602 nisi
662 2540 801 2622 corporis
821 2538 1041 2603 firmamenta?
1067 2557 1181 2621 corpus
1200 2539 1305 2602 eutem

110 2667 137 2707 ιι
157 2645 276 2710 Christi
301 2645 449 2715 ecclesia:
479 2645 676 2710 firmamenta
704 2665 778 2730 ergo
807 2645 960 2709 ecclesiae
989 2646 1042 2726 qui
1071 2645 1133 2708 nisi
1161 2644 1307 2726 apostoli,

156 2753 212 2833 qui
241 2752 336 2816 etiam
365 2753 577 2817 columnae
605 2753 681 2816 alibi
711 2754 930 2835 appellantur?
963 2752 995 2815 hi
1029 2752 1140 2832 utique
1172 2752 1307 2833 dispersi

155 2862 243 2930 sunt,
263 2877 334 2923 cum
360 2858 602 2940 adpersionem
627 2859 696 2942 ipse
721 2858 891 2923 duceretur
913 2859 966 2922 uel
991 2877 1062 2922 cum
1088 2861 1175 2922 esset
1192 2877 1306 2940 pessus

155 2969 189 3030 et
216 2969 371 3030 mortuus.
441 2965 591 3030 factum
627 2971 688 3030 est
721 2985 788 3030 eor
820 2986 946 3030 meum
980 2969 1182 3048 tamquam
1217 2983 1306 3052 cera

153 3073 395 3154 liquescens
423 3071 460 3135 in
491 3072 620 3138 medio
651 3073 809 3137 uentris
838 3075 921 3136 mei.
950 3073 1010 3137 hoc
1039 3091 1113 3135 sane
1143 3089 1237 3152 quem
1268 3071 1306 3133 ad

107 3203 137 3244 ιι
154 3178 288 3244 modum
304 3179 401 3261 capiti
415 3184 532 3256 nostro,
543 3180 645 3261 ipsius
662 3180 802 3262 corporis
818 3179 969 3244 saluatori
981 3182 1155 3261 coaptetur,
1166 3177 1308 3241 inuenire

156 3285 287 3350 difficile
312 3289 370 3350 est.
395 3305 497 3368 neque
522 3287 603 3350 enim
628 3287 691 3350 nisi
714 3305 829 3368 magno
857 3304 974 3368 pauore
1003 3284 1169 3366 contingit,
1194 3287 1230 3347 ut
1254 3300 1308 3347 cor

248 3494 327 3548 ors.
347 3495 372 3552 s.
391 3495 419 3558 5;
440 3495 521 3548 neor.
541 3497 566 3562 2,
586 3497 601 3546 o
655 3495 685 3548 ιι
706 3493 751 3547 es.
771 3495 814 3560 ιι,
837 3493 954 3556 ι3-ιι;
974 3491 1041 3545 nuc.
1060 3492 1103 3559 23,
1123 3491 1155 3543 21
1211 3492 1256 3554 17;
1272 3491 1306 3544 23

154 3584 317 3643 Peenno
372 3585 404 3636 21
427 3583 485 3637 ear.
505 3585 565 3646 eo

195 3707 208 3758 l
229 3707 322 3776 atque]
344 3709 392 3760 cut
410 3704 441 3758 N
507 3707 523 3759 5
544 3723 580 3774 es,
599 3724 633 3759 m.
653 3709 668 3758 1
687 3721 754 3760 corr.
776 3707 818 3758 est
837 3705 861 3756 L
930 3706 946 3758 6
967 3704 1116 3773 uoluptati·
1140 3708 1232 3772 (super
1250 3719 1305 3755 roo.

155 3795 402 3862 m.1add.s)T
455 3796 581 3865 iquiO
635 3799 792 3850 eesrmeo
812 3795 872 3848 cdd.
938 3798 1176 3863 qns‚m.1conr.
1196 3793 1305 3861 quieL

155 3883 385 3938 remmom
419 3885 452 3937 12
472 3899 514 3936 me
533 3901 584 3936 om.
604 3881 656 3937 LO
698 3883 731 3936 13
750 3883 790 3952 in]
809 3881 936 3950 superT
972 3881 1005 3934 14
1025 3879 1305 3934 clamando-effusus

155 3989 215 4027 sum
235 3971 335 4026 cm.T
405 3971 554 4026 clamantes
574 3971 632 4026 edd.
709 3972 741 4024 15
763 3971 956 4040 conprehesum
980 3972 1003 4020 (l
1077 3971 1109 4022 17
1129 3972 1160 4021 nt
1179 3985 1230 4021 om.
1252 3967 1308 4022 GT

157 4063 191 4116 18
211 4061 370 4132 dispersio
439 4061 471 4114 19
492 4061 610 4131 corporis
628 4061 682 4114 nini
705 4061 730 4113 Τ
800 4059 978 4112 fundamento
997 4057 1105 4112 LORG
1173 4057 1208 4109 ‘20
1227 4059 1303 4125 ergo]

155 4154 249 4206 antem
269 4167 295 4203 m
349 4151 382 4204 ol
404 4149 557 4220 apellentur
576 4149 641 4204 alibi
664 4149 690 4202 6
744 4151 936 4218 nuncupantur
955 4146 1015 4200 edd.
1071 4145 1110 4198 hii
1134 4146 1159 4198 Τ
1211 4147 1245 4199 23
1266 4149 1304 4213 etl

154 4239 201 4295 uel
223 4239 246 4292 0
323 4241 365 4292 est
384 4254 448 4308 ergo
468 4253 513 4292 cor
532 4238 558 4290 L
577 4237 636 4292 edd.
701 4237 735 4290 25
756 4237 840 4306 capiti
861 4239 959 4305 (poeto.
979 4236 997 4288 l.
1016 4253 1051 4288 nr.
1072 4238 1092 4286 2
1109 4235 1140 4287 in
1158 4249 1213 4287 roe.
1233 4238 1306 4287 1-2

155 4329 185 4394 l.)
208 4328 232 4382 0
310 4327 398 4396 corpis
422 4327 447 4381 Τ
518 4327 663 4381 saluatoris
677 4327 748 4396 (suit
767 4329 792 4393 s)
812 4325 842 4379 N
