3092 4959
506 404 772 473 epistularum
802 405 922 460 CXLIII.
1225 413 1289 474 255

65 587 83 648 5
182 597 269 676 Quae
302 617 375 663 cum
408 599 453 664 ita
485 601 559 671 sint,
588 600 648 665 hoc
679 604 796 677 tamen,
830 602 915 684 quod
946 603 978 666 in
1011 603 1105 668 tertio
1138 604 1220 668 libro
1253 603 1291 668 de

134 707 234 770 libero
259 705 399 780 arbitrio,
425 724 497 770 cum
522 706 559 770 de
583 708 765 772 substantia
792 708 938 772 rationali
966 727 1103 791 agerem,
1128 710 1174 774 sic
1197 728 1216 773 a
1238 730 1289 774 me

133 811 276 896 positum
306 815 366 888 est,
394 816 431 876 ut
464 811 616 877 dicerem:
650 814 695 877 ‘In
729 813 916 895 corporibus
949 817 1056 878 autem
1089 814 1291 880 inferioribus

132 923 210 1003 post
236 921 403 1000 peccatum
432 919 575 984 ordinatu
603 920 686 1004 regit
714 938 829 1002 corpus
859 939 952 984 suum
985 940 1046 985 non
1081 921 1164 985 omni
1195 921 1290 986 modo

97 1047 192 1110 spro
220 1027 360 1105 arbitrio,
390 1026 446 1090 sed
474 1026 559 1090 sicut
585 1026 674 1108 leges
707 1027 926 1090 uniuersitatis
960 1027 1091 1104 sinunt',
1124 1027 1293 1111 diligenter

133 1133 313 1210 aduertent,
348 1133 402 1214 qui
434 1135 549 1214 putant
581 1151 631 1196 me
665 1133 785 1215 aliquid
819 1132 858 1197 de
891 1134 994 1197 anima
1031 1135 1170 1198 humane
1200 1135 1292 1199 uelut

132 1245 257 1304 certum
291 1240 444 1304 statuisse
476 1244 571 1321 etque
603 1239 719 1317 fixisse,
750 1240 836 1322 quod
869 1242 920 1305 uel
950 1261 986 1305 ex
1018 1242 1203 1324 parentibus
1236 1262 1292 1324 per

130 1348 340 1430 propaginem
359 1347 466 1411 ueniat
485 1347 539 1410 uel
552 1347 583 1410 in
599 1347 724 1411 actibus
739 1348 826 1411 uitae
841 1348 1013 1430 superioris
1028 1351 1124 1431 atque
1143 1350 1290 1413 caelestis

131 1453 325 1537 peccauerit,
350 1459 386 1518 ut
409 1453 610 1536 corruptibili
635 1472 726 1518 carne
751 1459 926 1518 mereretur
949 1455 1080 1532 includi,
1105 1459 1138 1519 et
1160 1455 1291 1519 uideant

83 1587 111 1626 so
133 1562 180 1625 sic
206 1579 225 1624 a
248 1580 299 1625 me
327 1561 426 1625 uerba
453 1560 554 1624 fuisse
583 1579 746 1644 perpensa,
770 1567 808 1625 ut
835 1564 958 1626 retento
987 1579 1034 1639 eo,
1060 1561 1145 1644 quod
1168 1565 1290 1625 certum

130 1669 247 1745 habeo,
274 1672 350 1750 post
375 1671 542 1750 peccatum
570 1667 665 1749 primi
694 1667 832 1732 hominis
860 1675 952 1733 nutes
982 1687 1053 1732 esse
1084 1671 1179 1749 etque
1202 1668 1291 1730 nasci

131 1777 257 1840 ceteros
276 1774 420 1839 homines
438 1773 470 1838 in
492 1793 583 1838 carne
602 1775 735 1856 peccati,
758 1775 810 1838 cui
830 1774 985 1839 sanandae
1004 1775 1094 1839 uenit
1112 1775 1143 1838 in
1163 1773 1289 1838 domino

131 1880 312 1946 similitudo
341 1881 443 1944 cernis
471 1881 603 1963 peccati,
632 1881 677 1944 itu
705 1882 811 1946 omnia
839 1883 994 1953 sonarent,
1023 1887 1060 1945 ut
1089 1882 1170 1946 nulli
1203 1900 1290 1964 prae-

129 1987 311 2052 iudicareut
334 1987 471 2068 opinioni
498 1990 648 2068 quattuor
666 1988 805 2065 illerum,
825 2006 904 2069 quas
923 1992 1036 2071 postes
1054 1988 1174 2071 digessi
1194 1991 1289 2068 atque

82 2117 109 2156 rs
131 2093 265 2159 distinxi
296 2111 357 2158 non
386 2093 573 2158 confirmans
602 2093 740 2176 aliquam
771 2093 827 2156 sed
854 2095 992 2170 interim,
1027 2094 1112 2183 quod
1145 2094 1288 2177 agebam,

130 2204 336 2282 sequestrate
361 2199 489 2264 illarum
517 2199 718 2265 discussione
747 2200 970 2276 determinans,
994 2204 1041 2276 ut,
1071 2219 1290 2283 quaecumque

129 2307 261 2370 illerum
285 2325 362 2370 uere
385 2309 481 2400 epset,
505 2307 584 2370 deus
608 2307 675 2370 eine
701 2306 798 2370 dubio
822 2306 1015 2371 laudaretur.

56 2415 77 2477 6
178 2412 257 2478 Siue
289 2413 380 2478 enim'
406 2433 441 2477 er
473 2414 529 2477 illa
562 2433 625 2477 una
663 2433 771 2478 omues
810 2413 932 2477 animae
969 2420 1182 2498 propagentur
1218 2413 1289 2477 siue

130 2519 323 2603 singillatim
346 2521 378 2584 in
403 2519 539 2602 singulis
564 2519 641 2582 liant
664 2519 732 2583 siue
758 2522 845 2583 extro
873 2526 994 2584 creatae
1022 2521 1192 2584 mittantur
1218 2519 1288 2583 siue

79 2653 108 2692 20
129 2626 163 2689 in
180 2645 312 2708 corpora
327 2629 439 2708 sponte
449 2629 642 2709 mergantur,
653 2627 764 2708 procul
776 2626 872 2690 dubie
884 2627 1098 2690 creetureista
1112 2625 1287 2699 rationalis,

129 2733 164 2796 id
191 2736 242 2798 est
264 2733 419 2796 humanae
444 2733 565 2797 animae
589 2743 702 2797 nutura
725 2734 756 2797 iu
781 2733 966 2815 corporibus
990 2734 1203 2809 inferioribus,
1227 2731 1288 2794 hoo

130 2841 184 2903 est
211 2840 344 2904 terrenis
373 2842 447 2923 post
474 2842 639 2922 peecatum
668 2838 812 2903 ordinate
839 2839 922 2922 regit
950 2858 1063 2921 corpus
1099 2857 1193 2903 suum
1226 2856 1288 2901 non

130 2946 221 3010 omni
243 2947 337 3010 modo
361 2965 417 3028 pro
441 2945 570 3010 arbitrio
596 2946 730 3022 interim,
751 2945 836 3026 quod
860 2948 985 3009 constat
1008 2948 1175 3027 peccatum
1194 2944 1288 3026 primi

128 3051 282 3116 hominis.
312 3071 372 3116 non
402 3051 485 3116 enim
514 3053 636 3116 dictum
665 3056 727 3115 cst:
762 3051 851 3114 ‘Post
883 3054 1049 3133 peccatum
1078 3057 1185 3116 suum'
1217 3052 1286 3112 aut:

224 3277 295 3331 3-5
314 3301 347 3321 =
368 3276 401 3330 de
419 3276 466 3332 lib.
486 3276 541 3330 urb.
561 3276 604 3330 ΙΙΙ
625 3278 666 3340 ll,
686 3278 721 3330 34
778 3276 810 3331 12
830 3277 906 3330 Rom.
926 3277 952 3344 8,
971 3277 988 3329 3

166 3403 186 3454 4
205 3403 269 3470 post
286 3399 437 3469 peccatum]
458 3400 548 3454 anima
561 3403 624 3469 post
637 3403 779 3469 peccatum
795 3399 870 3461 edd.,·
883 3399 916 3453 dc
930 3399 976 3456 b'b.
993 3400 1051 3452 arb.
1067 3403 1131 3469 post
1145 3402 1285 3469 peccatum

129 3491 225 3544 anime
306 3505 411 3558 conpos,
429 3506 464 3545 m.
483 3495 498 3542 1
517 3505 586 3544 corr.
606 3506 702 3558 corpus
721 3489 757 3542 M
847 3491 934 3558 ὅρη,
953 3505 988 3540 m.
1009 3492 1092 3557 2p-
1110 3488 1138 3541 P
1207 3487 1286 3558 legis,

126 3597 165 3634 m.
187 3578 301 3648 2lcgee
320 3577 357 3632 M
426 3579 612 3632 uniuersitatis
633 3583 732 3646 (postr.
752 3580 762 3632 i
782 3595 815 3633 cc·
832 3595 905 3642 rae.‚·
917 3577 1014 3644 scitote
1034 3595 1047 3630 e
1068 3577 1094 3643 .?)
1114 3577 1150 3629 M
1202 3576 1285 3630 bad-

127 3670 247 3722 uertunt
263 3667 326 3722 MA
398 3667 533 3720 illuxisse
552 3668 580 3735 (n
601 3669 681 3734 eros.)
700 3667 805 3734 Plixe,
825 3665 1051 3720 m.2fixisse0
1122 3682 1169 3736 per
1187 3682 1285 3736 propa-

128 3757 237 3827 ginem]
255 3757 402 3827 propagine
421 3756 455 3810 Η
532 3757 549 3810 9
569 3773 638 3824 cere,
656 3774 690 3810 m.
710 3761 726 3810 1
744 3772 813 3811 corr.
834 3771 913 3810 cerne
930 3753 968 3808 M
1052 3756 1082 3807 ll
1102 3758 1192 3813 nutus,
1211 3771 1245 3806 m.
1266 3759 1286 3807 2

127 3845 265 3901 ustosP¹
318 3844 350 3900 12
368 3845 493 3910 hominis,
511 3852 577 3899 m.1
596 3861 664 3900 corr.
684 3845 850 3899 homiuesP
921 3845 997 3897 cuiue
1017 3845 1059 3911 (us
1078 3842 1289 3908 osupum

129 3936 167 3989 13
187 3938 324 4000 sanarent,
343 3949 412 3988 corr.
432 3937 559 3988 sonarent
577 3933 611 3987 K
718 3935 752 3987 14
771 3934 878 4002 digesse
897 3932 930 3986 Η
1039 3931 1072 3984 15
1092 3931 1193 3998 distixi,
1211 3947 1244 3983 m.
1265 3934 1286 3984 2

128 4023 247 4078 distinxi
264 4022 299 4077 H
315 4023 430 4078 distretu
450 4027 494 4089 (m.
514 4029 530 4077 1
551 4024 614 4092 dec)
633 4024 743 4078 distinxi
763 4023 801 4077 M
848 4023 881 4078 16
903 4019 1117 4092 lterminsneG
1169 4021 1286 4074 liuere

126 4110 288 4168 illerumO
384 4112 417 4166 18
435 4116 651 4183 prorupugentur
669 4115 710 4180 (re
727 4129 760 4165 m.
783 4110 930 4176 Melit*
1029 4111 1062 4163 19
1082 4107 1241 4178 singulatim
1264 4107 1287 4161 0

129 4199 325 4268 sigillatimG
371 4200 406 4254 20
425 4217 534 4270 corpore
553 4201 587 4255 Η
629 4203 661 4256 21
682 4202 801 4256 humane
821 4205 849 4254 ct
866 4198 1003 4254 unimeG·
1044 4198 1079 4251 23
1099 4197 1172 4267 quod
1190 4195 1285 4251 omli

129 4285 164 4389 ip·
179 4315 219 4370 M
288 4319 395 4371 constat
412 4321 474 4388 post
488 4319 629 4388 peccatum
646 4317 674 4371 P
