3092 4959
291 409 356 470 240
646 406 673 463 S.
700 406 841 461 Aureli
868 406 1086 478 Augustini

289 620 360 666 eum
385 601 417 665 in
440 601 623 665 Maximiani
646 620 743 667 causa
764 604 839 685 plus
862 602 967 667 minus
992 607 1120 667 centum
1145 603 1287 687 episcopi
1316 605 1431 669 damna·

288 709 409 772 uerant.
438 710 514 772 tnnc
541 708 589 772 illi
619 708 782 772 nominata
814 726 911 772 causa
932 708 1125 788 Maximiani,
1157 709 1241 774 uude
1275 710 1380 775 sciunt
1403 729 1431 774 se

289 815 395 892 etiam,
429 832 507 896 quos
545 814 781 895 damnauerant,
813 815 846 878 in
879 816 996 879 honore
1035 815 1159 898 integro
1197 817 1377 898 suscepisse
1405 821 1432 880 et

289 922 484 1005 baptismum
513 921 545 984 in
579 921 733 1006 sacrilego
759 921 941 986 Maximiani
969 922 1142 986 schismate
1170 923 1281 988 datum
1310 943 1345 988 se
1372 943 1432 988 con·

289 1028 434 1093 firmasse
457 1031 490 1091 et
512 1046 573 1092 non
599 1028 793 1092 destmxisse
813 1030 846 1092 et
864 1029 894 1092 in
915 1047 974 1092 sua
991 1028 1167 1113 Bagaitana
1190 1032 1359 1107 sententia,
1381 1049 1433 1112 qna
1456 1055 1463 1085 s

292 1155 346 1200 eos
375 1135 614 1211 damnauerunt,
643 1135 845 1216 quibusdam,
869 1135 924 1217 qui
952 1135 983 1198 in
1011 1137 1081 1217 ipso
1106 1137 1279 1202 schismate
1307 1139 1432 1205 iuemnt

292 1241 474 1306 dilationem
494 1241 619 1304 dedisse
640 1245 672 1305 et
695 1241 820 1322 dixisse,
840 1242 923 1323 quod
948 1260 1002 1306 eos
1023 1263 1083 1307 non
1101 1242 1276 1324 polluerint
1298 1244 1433 1324 sacrilegi

293 1347 413 1412 surculi
435 1347 620 1410 Maximiani
647 1347 811 1429 plantaria,
841 1385 883 1394 -
911 1349 976 1411 iata
1007 1367 1081 1432 ergo
1110 1367 1205 1414 cauea
1236 1353 1432 1432 posteaquam

293 1473 400 1518 eorum
418 1471 509 1516 aures
523 1453 691 1534 percussit,
706 1458 949 1536 expauescentes
965 1456 998 1518 at
1011 1456 1187 1536 perturbati
1201 1459 1234 1521 et
1247 1456 1350 1534 obliti,
1362 1455 1433 1520 unde

293 1561 439 1643 superius
459 1565 567 1624 contra
585 1578 642 1624 nos
657 1560 897 1638 contendebant,
913 1562 1061 1626 continuo
1077 1561 1235 1627 dixerunt:
1255 1563 1333 1628 ‘Nec
1352 1580 1465 1628 causan

294 1685 408 1732 causae
418 1685 475 1730 nec
485 1684 619 1747 persona
628 1685 779 1749 personae
791 1669 996 1748 praeindicat'
1010 1674 1043 1733 et
1058 1670 1326 1734 confirmauerunt
1339 1669 1432 1734 uerbis

294 1775 373 1853 suis,
397 1774 482 1856 quod
505 1792 561 1838 nos
586 1776 677 1837 antea
701 1773 738 1838 dc
767 1775 902 1838 ecclesia
929 1774 1124 1851 dicebamus,
1150 1776 1225 1859 quia
1251 1795 1313 1842 non
1341 1778 1433 1842 solnm

296 1880 470 1946 catholicae
502 1881 739 1959 transmarinae,
772 1884 882 1945 contra
914 1901 1009 1964 quam
1042 1903 1077 1947 se
1110 1883 1246 1948 confessi
1280 1889 1355 1948 sunt
1383 1901 1433 1946 non

294 1987 420 2063 habere,
448 1987 532 2068 quod
556 1987 705 2066 dicerent,
727 2007 837 2052 uerum
862 1989 957 2052 etiam
978 1989 1152 2054 catholicae
1170 1989 1347 2069 Africanae,
1366 2006 1434 2071 quae

294 2094 343 2159 illi
355 2095 486 2158 unitatis
502 2095 722 2159 communione
738 2095 949 2178 coniungitur,
965 2115 1060 2160 causa
1076 2102 1109 2160 et
1117 2115 1252 2178 persona
1266 2095 1433 2169 Caeciliani,
1448 2103 1465 2139 ²⁵

297 2199 540 2282 qualiacumque
564 2201 689 2276 fuisset,
709 2201 924 2281 praeiudicare
947 2221 1008 2266 non
1031 2204 1150 2284 posset,
1173 2203 1200 2267 si
1224 2203 1434 2266 Maximianus.

297 2307 352 2389 qui
380 2326 453 2371 cum
486 2307 600 2372 cetaria
634 2307 730 2372 sociis
764 2310 831 2373 auis
859 2308 1054 2372 Primianum
1087 2309 1261 2385 damnauit,
1291 2309 1319 2372 si
1349 2307 1433 2370 etiam

297 2413 488 2478 Felieianus.
509 2415 561 2496 qui
587 2415 683 2478 simul
706 2415 900 2478 Primianum
925 2415 1088 2479 damnauit
1111 2419 1144 2480 at
1162 2419 1274 2497 postea
1295 2416 1327 2479 in
1350 2429 1435 2478 cansa

296 2520 448 2584 Primiani
473 2539 490 2584 a
512 2520 630 2584 Donati
657 2523 745 2604 parte
775 2521 941 2586 damnatus
970 2525 1029 2600 est,
1057 2542 1119 2587 non
1147 2523 1342 2605 praeiudicat
1361 2517 1434 2602 parti

296 2626 423 2707 Donati,
462 2627 514 2690 cui
550 2627 643 2692 modo
683 2627 863 2710 episcopus,
902 2629 985 2692 sicut
1027 2632 1119 2692 antea
1153 2628 1268 2707 fuerat,
1301 2631 1467 2709 recepturo

297 2733 492 2817 adiungitur,
522 2733 548 2798 si
578 2734 673 2798 etiam
700 2733 780 2816 ipsis
810 2735 905 2798 sociis
935 2735 1002 2799 suis
1031 2735 1241 2799 Maximianus
1270 2754 1331 2800 non
1359 2751 1434 2816 prae·

296 2840 428 2920 iudicat,
453 2841 569 2923 quibus
593 2840 647 2904 isti
672 2840 856 2905 dilationem
884 2841 1038 2906 dederunt
1067 2843 1207 2906 dicentes
1235 2862 1291 2908 eos
1318 2841 1355 2906 ab
1375 2839 1435 2911 illo,

298 2965 372 3010 cum
401 2965 462 3028 quo
486 2946 626 3020 fuerunt,
649 2965 710 3011 non
735 2946 836 3011 inisse
858 2947 1011 3029 pollutos,
1036 2949 1111 3029 quia
1132 2966 1190 3012 nec
1213 2965 1312 3013 causa
1333 2961 1435 3012 cauam

296 3052 494 3134 praeiudicat
518 3071 575 3116 nec
599 3071 734 3134 persona
757 3070 919 3134 personae.

335 3330 348 3381 1
370 3345 431 3383 enm
449 3344 499 3383 cm.
519 3329 548 3382 R
566 3344 636 3395 cum,
655 3346 689 3382 m.
709 3332 729 3383 2
748 3345 809 3383 eum
827 3328 893 3383 FP¹
911 3346 972 3384 cum
990 3330 1052 3384 MA
1178 3331 1373 3386 damnauerunt
1387 3327 1436 3382 Pa

298 3419 415 3473 2eausa
435 3423 480 3484 (ω
500 3421 580 3485 erce.)
598 3417 636 3472 M
653 3421 798 3487 cauae·(m
818 3421 899 3485 cras.)
917 3417 958 3472 Ρι
1031 3421 1114 3474 etiam
1133 3436 1162 3474 se
1180 3421 1272 3475 sciunt
1289 3421 1318 3476 R
1379 3418 1437 3470 din

298 3507 412 3576 honore]
434 3507 501 3560 etin
514 3506 616 3561 honore
630 3507 667 3560 Μ
700 3508 760 3561 din
776 3508 918 3577 sacrilegio
931 3510 1103 3562 maximianis
1118 3510 1245 3581 scismate
1260 3510 1288 3563 P
1340 3505 1435 3574 datum]

299 3595 477 3666 dampnatum
494 3596 531 3649 P¹
583 3597 648 3649 bet
667 3601 732 3650 ante
749 3596 778 3649 in
798 3612 849 3650 om.
869 3596 897 3649 P
949 3599 1098 3667 uagaitana
1115 3597 1194 3652 codd.
1214 3599 1276 3654 edd.
1291 3605 1437 3668 prmus

299 3685 403 3753 dipsa,
416 3700 451 3738 m.
470 3687 486 3736 1
504 3700 573 3738 corr.
592 3685 652 3754 ipso
671 3684 709 3737 M
759 3683 869 3738 fuerant
887 3685 915 3738 P
966 3686 1122 3756 Splantari
1139 3685 1176 3739 P¹
1231 3686 1273 3741 ita
1290 3691 1437 3756 (maeon-

299 3773 362 3838 ista)
384 3788 447 3840 ergo
466 3771 621 3825 maximiani
641 3788 721 3826 causa
739 3773 767 3825 P
822 3773 855 3827 10
874 3777 968 3827 contra
985 3790 1035 3827 nos
1054 3775 1177 3844 superius
1195 3775 1224 3829 R
1273 3777 1314 3846 ι12
1332 3777 1391 3830 ante
1408 3770 1438 3824 ad

299 3861 413 3915 ecclesia
430 3860 497 3914 ΜΡ
513 3865 594 3914 antea
612 3859 647 3914 ad
667 3862 826 3915 aecclesiam
844 3865 871 3916 A
944 3863 990 3932 qui
1009 3865 1037 3916 A
1108 3863 1140 3917 13
1159 3863 1296 3919 catholica
1315 3869 1344 3920 et
1359 3868 1437 3918 aare·

298 3951 402 4021 marinp
421 3949 458 4003 P¹
521 3966 549 4004 se
570 3951 600 4003 in
613 3951 673 4020 fine
690 3967 717 4003 u.
737 3966 789 4007 om.
807 3951 846 4004 M
905 3951 1000 4004 offensi
1020 3951 1057 4004 Ρ1
1113 3952 1145 4005 15
1163 3951 1219 4006 illia
1237 3953 1266 4006 P
1321 3954 1353 4008 16
1368 3966 1438 4022 prac-

298 4039 413 4094 indicari
432 4040 460 4092 A
550 4041 583 4093 19
608 4056 624 4093 a
646 4055 697 4094 om.
716 4039 754 4093 P¹
871 4045 948 4112 parte
971 4046 1017 4110 (κ
1041 4043 1123 4110 orca.)
1145 4043 1173 4095 A
1282 4040 1439 4114 praeiudicat

299 4129 370 4197 parti
396 4127 416 4192 (i
441 4144 513 4194 rca.;
537 4129 624 4196 scisse
647 4127 706 4183 aid.
735 4131 760 4196 e)
782 4128 821 4183 P¹
843 4129 1027 4200 prciudicatus
1051 4135 1094 4185 est-
1115 4133 1193 4202 partc
1215 4130 1245 4186 R
1352 4131 1382 4185 21
1404 4125 1439 4180 sie

299 4216 428 4272 MFAP¹
452 4222 478 4286 (c
502 4220 584 4284 eras.)
610 4217 669 4273 edd.
690 4225 805 4288 praeter
827 4237 855 4273 m
969 4221 1003 4274 22
1029 4238 1075 4274 eos
1101 4220 1136 4275 ad
1160 4220 1250 4275 locam
1267 4221 1271 4292 i
1286 4223 1315 4276 in
1344 4215 1441 4290 qnnP

300 4305 334 4360 23
355 4321 436 4360 cansa
453 4322 504 4360 om.
523 4306 551 4361 R
