3092 4959
272 320 337 383 484
627 316 653 369 S.
684 318 820 371 Aureli
848 315 1067 389 Augustini

272 520 417 602 apostole
450 518 714 599 unusquisque
748 515 883 581 denum
916 514 1107 599 proprium
1140 514 1278 579 habeat
1307 536 1324 579 a
1353 515 1406 580 dee

270 626 370 690 alius
406 626 461 691 sie
494 625 592 690 alius
627 630 753 689 antem
785 624 850 688 sie.
884 622 1048 687 ambulent
1078 622 1186 705 itaque
1217 622 1406 704 perfectionis

270 734 356 798 uiam
380 732 519 797 uenditis
547 732 616 798 suis
644 732 792 797 omnibus
821 731 917 795 rebus
942 733 974 795 et
996 729 1244 794 misericorditer
1270 728 1406 813 erogatis:

270 839 327 905 sed
355 842 382 903 si
410 858 485 904 nere
517 859 673 923 pauperes
705 838 826 903 Christi
858 842 933 903 sunt
960 841 993 901 et
1019 856 1081 902 nen
1115 837 1177 901 sibi
1210 836 1267 900 sed
1296 836 1405 901 Christe

269 947 434 1031 eolligunt,
467 947 639 1011 infirmium
671 948 740 1012 eius
773 946 916 1011 membra
948 964 1043 1027 quare
1075 944 1218 1026 puniant,
1252 950 1434 1025 antequan⁵

268 1054 360 1118 sedes
394 1054 575 1118 iudiciarias
609 1040 817 1136 aeeepemnt‘?
852 1053 880 1117 si
907 1052 990 1115 enim
1024 1052 1104 1115 tales
1137 1054 1239 1128 erunt,
1272 1050 1405 1133 qualibus

270 1160 420 1225 dominns
439 1160 532 1224 dicit:
558 1160 753 1225 Sedebitis
778 1178 891 1242 super
909 1158 971 1223 XII
990 1158 1098 1223 aedes
1123 1158 1338 1222 iudicantes
1355 1156 1405 1221 ΧΗ

268 1268 393 1331 tribus
430 1267 578 1331 Israhel
616 1270 648 1331 et
680 1266 718 1329 de
751 1266 900 1347 qualibus
938 1263 1103 1348 apostolus
1142 1264 1200 1327 ait:
1238 1262 1404 1337 Nescitis,

267 1376 444 1457 qnoniam
467 1374 623 1457 angeles
652 1372 931 1437 iudicabimus?
958 1372 1146 1453 praeparent
1168 1388 1202 1433 se
1226 1371 1404 1453 potiusnon

265 1480 454 1545 criminosos
487 1479 544 1544 sed
575 1479 742 1564 religiosos
776 1478 894 1542 diuites
926 1476 1063 1558 recipere
1101 1477 1137 1539 in
1170 1475 1435 1539 tabernaculis

265 1589 429 1667 aeterna,
459 1587 617 1669 aquibus
646 1585 740 1650 amici
767 1585 846 1649 faeti
874 1588 949 1649 sunt
977 1583 1019 1647 de
1047 1601 1254 1647 mammona
1281 1581 1404 1664 iniqui-

265 1692 367 1757 tatis.
395 1697 474 1775 pute
503 1694 597 1768 enim,
626 1691 711 1775 qued
739 1692 869 1774 qnidam
897 1710 1018 1764 eorum,
1047 1691 1101 1772 qui
1129 1690 1206 1754 haee
1230 1689 1404 1772 inpudenter

265 1801 361 1881 atque
389 1799 592 1882 inprudenter
619 1799 772 1883 garriunt,
801 1818 819 1863 a
843 1798 998 1863 diuitibus
1027 1796 1216 1862 Christianis
1245 1800 1278 1859 et
1300 1796 1358 1879 piis
1378 1796 1402 1857 in

265 1906 333 1971 suis
357 1907 602 1971 necessitatibus
627 1910 857 1972 sustentantur.
886 1906 983 1971 habet
1010 1908 1093 1971 enim
1122 1906 1256 1971 eeclesia
1280 1905 1402 1989 quadan

264 2013 358 2078 mode
387 2032 463 2078 sues
491 2014 611 2078 milites
640 2018 672 2077 et
700 2013 838 2096 quedam
861 2014 955 2078 modo
984 2012 1203 2095 preuineiales,
1232 2012 1314 2077 unde
1337 2012 1435 2075 dicits

265 2120 446 2202 apestolus:
471 2119 563 2197 Quis
585 2121 729 2185 militat
752 2121 833 2185 suis
862 2120 1066 2203 stipendiis
1095 2122 1292 2201 umquam?
1318 2120 1400 2183 babel

262 2226 1402 2310 uineametplantateras.habetgregemetpasteres‚undecensequenter

261 2331 356 2395 dicit:
383 2330 475 2410 Quis
499 2333 648 2415 plantat
669 2334 817 2399 niueam
838 2343 874 2398 et
893 2334 935 2397 de
954 2334 1083 2398 fructu
1107 2333 1189 2397 eius
1213 2350 1283 2397 non
1308 2332 1399 2397 edet?

262 2440 351 2519 quis
378 2441 504 2521 pascit
531 2460 681 2524 gregem
710 2443 747 2505 et
775 2440 817 2505 de
846 2440 946 2505 laete
975 2440 1103 2523 gregis
1132 2458 1200 2505 nen
1229 2439 1399 2523 percipit?

263 2546 412 2626 quamuis
435 2545 513 2610 talia
536 2546 710 2629 disputare,
734 2548 841 2629 qualia
863 2547 918 2611 isti
939 2546 1112 2631 disputant,
1137 2566 1196 2611 nen
1215 2547 1259 2612 sit
1277 2546 1399 2610 militare
1413 2554 1432 2593 u

258 2652 319 2715 aed
342 2652 506 2719 rebellare.
534 2671 595 2718 nen
620 2656 664 2719 sit
685 2654 828 2737 plantare
851 2655 978 2719 uineam
1007 2654 1063 2718 sed
1092 2653 1259 2733 eradicare,
1287 2650 1398 2717 nonsit

260 2760 438 2840 pascendos
463 2779 654 2845 congregare
677 2762 733 2825 sed
755 2761 931 2844 perdendos
956 2783 974 2827 a
997 2781 1091 2846 grege
1116 2780 1269 2845 separare.

353 3019 562 3085 liconti
646 3022 780 3076 susan.
802 3024 844 3092 19,
863 3024 911 3089 28;
930 3024 993 3080 Luc.
1014 3024 1057 3086 22,
1076 3023 1110 3079 30
1202 3022 1327 3079 81001.
1345 3021 1396 3085 6,3

261 3108 297 3161 10
315 3108 379 3162 Luc.
402 3109 480 3172 lae
536 3110 828 3179 16;181001.9,7

297 3251 313 3302 2
333 3250 484 3304 ambulanti
505 3251 529 3305 0
546 3252 566 3318 (i
585 3258 667 3318 eras.)
690 3252 776 3320 0(ae
795 3255 957 3324 ambulanti)
1047 3256 1096 3324 ita,
1115 3272 1149 3309 aa.
1168 3261 1184 3308 1
1203 3272 1274 3311 corr.
1293 3256 1357 3323 itaq:
1377 3248 1398 3303 Τ

261 3339 278 3392 3
298 3340 423 3393 omnibus
442 3341 499 3393 suia
517 3341 578 3395 edd.
689 3348 832 3412 erogantes
850 3346 877 3398 P
968 3346 984 3398 5
1003 3346 1121 3415 puniunt
1139 3344 1164 3398 L
1183 3344 1244 3399 aaa.
1259 3350 1395 3413 praetera

261 3431 366 3497 ponunt
384 3430 412 3481 P
452 3428 633 3484 biudieariaa
655 3431 704 3486 OL
760 3434 914 3503 acceperint
931 3434 988 3487 PT
1003 3434 1063 3487 edd.
1083 3435 1219 3505 accipiant
1237 3434 1264 3487 L
1304 3432 1395 3487 idue·

263 3514 350 3569 deeim
370 3517 490 3571 aedeaL
509 3520 569 3573 edd.
584 3520 662 3574 aedes
679 3520 861 3575 duodecimT
914 3522 1056 3577 duedecim
1075 3524 1163 3577 tribua
1181 3523 1206 3577 Τ
1223 3523 1284 3579 edd.
1335 3518 1396 3575 asir

257 3606 402 3673 apostolus
424 3607 450 3659 Τ
534 3608 602 3663 dicit
623 3608 646 3663 0
664 3610 725 3663 edd.
793 3612 809 3665 9
828 3612 1009 3667 iudicauimus
1030 3612 1115 3679 Oba.
1136 3606 1398 3675 2iudieabimns)0

295 3697 362 3764 non]
382 3698 410 3749 in
428 3698 456 3750 P
530 3699 562 3752 10
582 3698 631 3753 sed
649 3700 794 3769 religiosos
813 3717 865 3755 em.
888 3701 936 3755 00
1006 3703 1036 3755 ll
1058 3719 1074 3755 a
1093 3718 1144 3757 ern.
1162 3702 1189 3755 L
1260 3702 1397 3757 sacasani

257 3786 342 3838 amici
363 3784 389 3837 Τ
426 3788 457 3839 12
477 3786 551 3855 quid,
570 3805 604 3844 m.
624 3787 707 3855 1(??)
728 3805 797 3845 cerr.
818 3790 889 3858 qnod
913 3790 935 3843 0
989 3774 1117 3861 inputant
1135 3796 1180 3860 (=
1198 3792 1362 3861 inputant-ur)
1375 3786 1400 3839 Ρ

262 3873 296 3927 13
314 3874 462 3942 prudenter
482 3874 530 3930 CO
597 3877 629 3930 14
648 3877 883 3933 anbaestantan
938 3880 1139 3949 quodammode
1157 3881 1185 3933 P
1247 3881 1281 3934 15
1299 3877 1397 3949 prunin-

260 3962 354 4031 eialea]
373 3980 436 4016 euos
454 3966 636 4032 prouincialea
655 3966 682 4018 L
756 3968 788 4021 16
808 3968 958 4037 dispendiis
976 3969 1003 4023 L
1083 3969 1178 4039 habet]
1196 3970 1282 4023 habet
1299 3975 1326 4023 et
1342 3966 1397 4022 edd.

261 4050 294 4105 18
313 4052 397 4104 fluetn
412 4052 439 4104 L
493 4053 563 4121 edet,
582 4071 617 4107 m.
636 4060 656 4108 2
675 4055 733 4110 edit
754 4057 778 4111 C
795 4057 853 4110 edit
866 4058 922 4110 PT
938 4058 998 4112 edd.
1017 4074 1068 4113 aec.
1086 4075 1157 4114 saer.
1174 4058 1226 4112 litt.
1266 4061 1297 4113 19
1312 4064 1398 4127 pascet

258 4139 286 4191 0
303 4144 348 4199 (m.
368 4145 388 4193 2
406 4141 549 4208 pascit)0
634 4146 733 4213 gregis]
754 4147 813 4199 eiua
836 4148 861 4200 T
872 4148 969 4215 sirm
1059 4148 1094 4203 20
1113 4150 1211 4217 putant
1229 4148 1256 4200 P
1337 4150 1399 4214 pest

255 4228 376 4282 militare
394 4245 451 4282 rus.
471 4231 580 4285 1-21.
603 4232 750 4288 dimitere
768 4236 797 4288 P
849 4238 882 4289 ‘21
903 4237 1023 4291 reuelare
1040 4238 1068 4291 P
1138 4238 1245 4291 niueam
1265 4252 1314 4291 em.
1333 4234 1357 4288 P
