3092 4959
243 384 308 449 366
601 381 633 435 St
657 380 796 435 Aureli
822 380 1042 450 Augustini

240 576 271 641 in
303 580 494 659 prouectum
527 576 694 641 bonorum.
731 577 819 658 quod
850 579 927 641 uero
960 576 1120 660 adiungit:
1164 575 1400 642 Secundum

240 684 489 749 electionem
537 688 672 748 curtem
720 683 869 748 dilecti
914 687 1087 765 propter
1126 687 1278 765 patres,
1321 684 1401 749 hino

240 790 383 855 ostendit
415 810 476 854 non
510 790 584 855 illos
618 790 764 855 inimicos
799 790 855 853 sed
888 790 1009 854 electos
1043 808 1114 854 esse
1148 790 1294 855 dilectos.
1337 792 1401 856 sed

240 898 418 979 scripturae
441 916 511 961 mos
536 900 586 961 est
608 896 652 961 ita
676 896 765 977 loqui
789 896 827 961 de
846 898 936 979 parte
959 899 1123 977 tamquam
1144 898 1183 963 de
1207 901 1287 973 toto,
1308 900 1402 963 sicut

241 1003 423 1070 Corinthios
447 1004 479 1067 in
503 1003 614 1087 primis
640 1004 798 1085 epistulae
822 1022 899 1067 snae
922 1003 1068 1085 partibus
1097 1004 1144 1068 ita
1169 1004 1291 1078 laudat,
1316 1009 1402 1069 tam·
1433 1018 1446 1056 ὅ

240 1130 337 1193 qurum
357 1128 467 1174 omnes
490 1111 572 1175 tales
598 1110 672 1188 sint,
698 1129 771 1174 oum
796 1113 905 1174 essent
926 1109 1105 1175 laudabiles
1125 1111 1256 1193 quidam
1274 1131 1401 1188 eornm,

242 1224 275 1283 et
296 1219 410 1299 postea
433 1216 463 1280 in
490 1217 650 1281 nonnullis
675 1218 834 1299 epistulae
861 1216 964 1298 ipsius
994 1217 1073 1281 locis
1106 1217 1152 1281 ita
1184 1218 1400 1301 reprehendit.

240 1328 405 1406 tamquam
430 1343 539 1387 omnes
563 1324 741 1406 culpabiles
766 1328 884 1395 essent.
905 1328 1033 1405 propter
1051 1324 1218 1407 quosdam.
1239 1326 1294 1407 qui
1313 1326 1400 1389 talea

241 1435 338 1495 erant.
361 1432 456 1495 istam
483 1430 662 1495 diuinarum
686 1430 914 1513 scripturarum
935 1430 1199 1495 consuetudinem
1222 1452 1279 1513 per
1301 1450 1401 1497 omne

242 1557 356 1619 corpus
381 1537 559 1602 litterarum
584 1538 653 1601 eius
678 1538 867 1601 creberrime
891 1556 1034 1620 sparsam
1060 1537 1206 1619 quisquis
1225 1538 1400 1622 diligenter
1421 1554 1447 1591 ¹·

242 1644 425 1723 aduerterit,
449 1647 552 1709 multa
576 1644 737 1719 dissoluit,
762 1663 844 1725 qnae
866 1644 949 1709 inter
972 1665 1006 1709 se
1032 1644 1185 1709 uidentur
1217 1665 1289 1711 esse
1321 1665 1397 1710 con·

241 1753 348 1815 traria.
372 1751 519 1817 inimicos
544 1771 618 1835 ergo
643 1752 721 1815 alios
747 1752 836 1829 dicit,
865 1752 945 1817 alios
975 1752 1124 1826 dilectos3
1163 1753 1221 1816 sed
1255 1753 1328 1835 quia
1361 1755 1393 1819 in

242 1875 304 1921 uno
329 1858 446 1940 populo
472 1862 569 1935 erant,
594 1860 686 1923 uelut
710 1858 838 1923 eosdem
862 1860 950 1942 ipsos
974 1859 1080 1925 dicere
1108 1859 1248 1924 uidetur.
1286 1879 1394 1942 quam-

243 1982 337 2045 quam
362 1968 394 2027 et
413 1983 448 2029 ex
467 1964 546 2047 ipsis
570 1964 719 2040 inimicis,
741 1966 797 2047 qui
821 1965 1047 2030 crucifixerunt
1061 1966 1237 2043 dominum,
1251 1966 1395 2049 plerique

243 2069 388 2134 conuersi
413 2073 488 2135 sunt
511 2077 543 2135 et
566 2076 779 2154 apparuerunt
803 2074 907 2148 electi,
937 2078 1014 2137 tuno
1037 2073 1142 2150 electi,
1168 2072 1294 2155 quaudo
1321 2093 1394 2137 con·
1418 2088 1447 2125 1⁵

245 2176 337 2255 uersi,
375 2183 530 2259 quantum
566 2178 605 2241 ad
638 2179 751 2244 salutis
789 2179 929 2255 initium,
968 2185 1123 2262 quantum
1156 2200 1233 2244 uero
1266 2181 1307 2244 ud
1343 2180 1394 2245 dei

242 2284 498 2364 praescientiam,
518 2304 579 2350 non
603 2288 680 2350 tuno
701 2286 795 2350 electi
814 2287 871 2350 sed
894 2290 966 2349 ante
991 2287 1255 2352 constitutionem
1273 2288 1394 2351 muudi.

243 2390 329 2454 siout
346 2389 431 2453 idem
448 2390 526 2455 dicit
546 2394 721 2475 aposlolus,
737 2392 823 2473 quod
847 2393 1025 2475 elegerit
1047 2412 1119 2458 nos
1143 2398 1234 2458 ante
1259 2394 1394 2457 mundi

244 2498 601 2563 constitutionem.
641 2498 765 2563 duobus
799 2500 907 2582 itaquo
941 2500 1044 2564 modis
1077 2500 1140 2583 ipsi
1173 2500 1304 2574 inimici,
1337 2501 1395 2583 qui

244 2604 363 2679 dilecti,
389 2589 458 2668 siue
484 2605 557 2687 quia
581 2606 612 2668 in
637 2624 701 2669 uno
725 2607 843 2688 populo
868 2606 996 2687 utrique
1021 2606 1148 2671 fuerent
1170 2608 1241 2672 siue
1259 2608 1335 2689 quia
1359 2626 1394 2671 er
1415 2622 1445 2662 υ

243 2710 382 2775 inimicis
422 2712 640 2777 saeuientibus
673 2732 776 2795 usque
810 2714 848 2777 ad
882 2714 1072 2796 sanguinem
1106 2713 1226 2779 Christi
1263 2714 1396 2795 qnidam

245 2837 352 2882 eorum
379 2817 488 2882 dilecti
513 2819 590 2883 facti
615 2823 704 2883 erant
733 2820 908 2884 secundum
936 2820 1136 2898 electionem,
1165 2840 1246 2902 quoe
1274 2821 1399 2884 latebat

243 2926 274 2989 in
299 2925 512 3005 praescientia
531 2925 592 2990 dei.
617 2927 655 2990 ad
680 2927 738 2990 hoc
764 2927 847 2990 enim
872 2927 995 2991 addidit
1017 2929 1400 3010 ‘p1·opterpatres’,quia

244 3030 288 3105 id,
323 3030 406 3112 quod
445 3032 588 3111 patribus
623 3034 817 3115 promissum
850 3038 910 3107 est,
945 3033 1111 3115 oportebat
1141 3034 1280 3115 impleri,
1313 3035 1401 3099 sicut

245 3137 329 3200 circa
344 3136 438 3200 finem
454 3139 611 3219 epistulae
627 3140 665 3201 ad
681 3140 841 3204 Romanos
861 3140 919 3203 ait:
944 3140 1043 3204 Dico
1064 3140 1166 3203 enim
1188 3140 1397 3205 Christum
1417 3154 1446 3195 ε

246 3244 483 3308 ministrum
500 3244 634 3309 fnisse
653 3247 990 3311 circumcisionis
1006 3249 1173 3329 propter
1189 3246 1399 3310 ueritatem

338 3508 350 3559 1
374 3507 450 3559 Rom.
473 3508 514 3569 11,
534 3508 568 3560 28
626 3508 658 3561 18
677 3506 747 3577 Eph.
770 3508 795 3575 1,
813 3510 831 3561 4
886 3508 920 3562 25
940 3508 1017 3561 Rom.
1038 3508 1079 3571 15,
1098 3508 1170 3561 8—9

284 3666 449 3734 lprouectu
474 3664 500 3718 V
552 3666 679 3719 2hicV
735 3668 908 3735 oramquam
929 3664 1402 3735 omnes-reprehenditom.,na2

250 3756 383 3824 irtrnurp.
404 3754 524 3807 addis
589 3754 739 3809 linaro.
760 3752 1106 3808 m.1Viuom.HAK
1162 3756 1190 3807 ll
1212 3753 1307 3820 multo,
1325 3756 1403 3806 Μ

249 3844 334 3896 multa
353 3844 416 3895 MP
432 3844 519 3897 multo
539 3842 600 3896 HG
618 3846 662 3910 (m.
681 3849 712 3895 ut
732 3844 790 3895 uid.
812 3843 946 3909 2multa)
984 3844 1018 3895 14
1031 3842 1220 3895 crucifixerant
1238 3841 1263 3893 V
1313 3840 1401 3894 dmd

251 3936 283 3986 15
303 3937 487 4001 apparuerunt
507 3932 605 3985 delecti
624 3933 652 4001 (d
672 3949 741 3985 cros
762 3950 796 3985 ur.
816 3937 938 3999 usupra
957 3932 1022 3985 add.
1043 3932 1088 4001 ··';·)
1112 3932 1138 3983 V
1203 3932 1353 3985 conuersi-2
1376 3928 1404 3979 V

252 4024 284 4075 17
295 4022 515 4090 praesmientiam
527 4022 597 4087 (suit
607 4024 629 4089 t)
639 4021 672 4074 Η
681 4022 863 4091 praesentiam
876 4021 902 4073 G
912 4023 956 4085 (m.
968 4024 987 4073 2
997 4020 1217 4089 praescientiam)
1231 4020 1258 4072 V
1292 4018 1325 4072 18
1334 4035 1404 4072 con-

247 4111 421 4163 stitutionem
438 4110 533 4162 mundi
550 4110 609 4162 GK
644 4112 676 4164 19
691 4110 773 4163 itari
828 4110 892 4179 quia
904 4108 975 4162 HM
985 4109 1126 4177 (m.2qui
1141 4110 1217 4175 et)A
1253 4108 1286 4161 21
1300 4108 1399 4175 usque]

247 4216 298 4266 que
319 4198 352 4250 K
420 4198 454 4251 22
474 4196 541 4251 facti
560 4215 611 4251 our.
632 4198 726 4251 ΗΜΑ
808 4216 862 4266 qua
879 4198 913 4250 H
978 4198 1013 4251 23
1032 4197 1188 4267 praesentia
1205 4200 1233 4251 A
1294 4198 1330 4250 24
1347 4196 1399 4247 irn-

246 4286 354 4357 plerilsi
370 4272 423 4356 ppt
441 4290 543 4355 patres,
563 4284 626 4355 quia
645 4287 674 4339 id
694 4287 730 4357 qd
748 4288 852 4357 patrib;
873 4288 945 4341 sicut
960 4286 988 4339 P
1041 4288 1075 4340 26
1094 4285 1191 4355 fuisse]
1212 4285 1269 4339 suia
1286 4301 1314 4340 sc
1332 4282 1367 4336 K
