3092 4959
453 399 719 469 epistularum
750 399 827 456 CXL.
856 401 947 457 CXLI.

651 594 755 662 CXLI.

160 733 340 789 SILVANUS
360 733 488 803 SENEX,
507 735 748 804 ventorumne,
768 735 958 802 AURELIUS,
981 735 1240 801 INNOOENTIUS,

123 821 343 886 MAXIMINUS,
358 823 530 889 OPTATUS,
546 823 785 886 AUGUSTINUS,
798 824 970 880 DONATUS
984 825 1031 879 ΕΤ
1053 825 1183 881 casnm
1201 827 1275 881 EPI-

256 911 361 967 SCOPI
380 913 428 966 DE
448 912 620 969 CONCILIO
641 913 818 968 ZER'I'ENSI
835 914 885 968 AD
904 913 1145 970 DONATIS'I'AS.

39 1021 54 1083 Ῑ
92 1058 104 1095 ⁵
171 1038 252 1104 Cum
275 1040 308 1103 in
332 1040 462 1104 auribus
486 1041 603 1104 nostris
626 1041 711 1104 fama
730 1040 944 1105 crebresceret
961 1041 1021 1105 hoc
1039 1041 1132 1105 nobis
1151 1044 1276 1106 uestros

123 1147 293 1228 episcopos
327 1145 440 1222 dicere,
475 1147 669 1230 cognitorem
703 1147 841 1230 praemio
873 1147 975 1212 fuisse
1012 1153 1208 1230 corruptum,
1241 1152 1278 1212 ut

122 1255 235 1316 contra
258 1271 313 1316 eos
337 1253 493 1317 sententia
516 1253 717 1334 proferretur,
737 1273 797 1318 uos
821 1257 928 1318 autem
951 1254 1014 1318 ista
1037 1254 1130 1318 facile
1150 1253 1278 1319 credere

122 1377 163 1423 ac
186 1363 352 1441 propterea
373 1360 494 1424 multos
518 1362 661 1423 uestrum
685 1358 789 1423 adhuc
811 1360 897 1424 nolle
917 1359 1120 1442 adquiescere
1139 1361 1277 1438 ueritati,

120 1465 248 1547 placuit
269 1465 361 1530 nobis
386 1469 517 1548 cogente
542 1465 660 1530 domini
685 1465 817 1530 caritate
841 1486 877 1530 ex
901 1465 1035 1530 concilio
1066 1468 1173 1532 nostro
1201 1467 1278 1532 haec

77 1589 103 1628 ιιι
122 1571 167 1636 ad
195 1590 253 1636 uos
281 1571 401 1654 scripta
428 1570 572 1655 dirigere,
601 1573 718 1653 quibus
745 1573 893 1655 primitus
926 1572 1174 1638 admoneremini
1203 1573 1278 1638 illos

122 1677 220 1743 uobis
245 1678 349 1742 uictos
373 1682 467 1760 atque
492 1678 656 1743 conuictos
681 1679 757 1743 haec
781 1679 946 1743 mendacia
962 1679 1089 1743 iactare.
1109 1679 1164 1761 qui
1183 1679 1278 1744 etiam

122 1787 159 1848 in
188 1805 246 1850 suo
275 1784 435 1860 mandato,
465 1785 549 1866 quod
576 1805 632 1866 pro
659 1786 731 1868 ipsa
763 1785 940 1850 conlatione
971 1786 1115 1851 fecerunt
1147 1790 1179 1852 et
1211 1787 1279 1851 suis

121 1891 309 1956 nominibus
324 1896 418 1974 atque
433 1892 722 1974 subscriptionibus
736 1891 942 1957 firmauerunt
956 1913 1014 1957 nos
1028 1893 1096 1957 illic
1110 1892 1280 1958 traditores

122 2002 160 2064 et
182 2003 402 2082 persecutores
428 2018 503 2065 suos
528 2018 598 2064 esse
619 1999 769 2076 dicentes,
788 1999 821 2062 in
840 1999 981 2063 falsitate
1001 2001 1096 2082 atque
1115 1999 1279 2064 mendacio

76 2127 102 2166 is
122 2105 389 2170 manifestissimo
422 2105 539 2170 detecti
572 2109 667 2188 atque
701 2106 840 2172 conuicti
872 2111 957 2183 sunt,
989 2108 1036 2171 ita
1066 2111 1104 2171 ut
1134 2108 1279 2172 uolentes

122 2213 257 2298 gloriari
281 2211 319 2276 de
344 2211 548 2277 multitudine
573 2213 832 2296 coepiscoporum
853 2233 981 2280 suorum
1001 2215 1083 2278 inter
1101 2215 1280 2297 aliquorum

235 2489 264 2542 P
289 2514 322 2535 =
343 2491 401 2544 cod.
420 2491 574 2546 Parisinus
591 2509 656 2546 ιιοιι.
678 2509 736 2561 asp.
756 2496 833 2546 1443
851 2511 874 2547 s.
892 2493 1014 2546 IX-X.

235 2578 273 2632 M
289 2604 323 2625 =
343 2580 401 2634 cod.
420 2580 601 2636 Moenoenum
622 2584 702 2636 6266
720 2599 741 2636 s.
762 2583 799 2636 X.

235 2667 267 2722 F
290 2693 325 2714 =
344 2669 402 2723 cod.
424 2670 643 2740 Solieturpensts
661 2672 692 2723 X
710 2674 749 2724 29
766 2688 788 2724 s.
808 2671 930 2725 Χ-ΧΙ,

236 2761 264 2812 Α
289 2783 324 2806 =
343 2758 402 2814 cod.
421 2759 731 2827 Audomaropols'taaus
751 2761 798 2821 76,
818 2764 845 2823 8,
867 2763 885 2813 9
902 2776 924 2812 s.
943 2759 1065 2814 Χ-ΧΙ.

234 2845 274 2902 P¹
290 2873 323 2893 =
344 2847 402 2902 cod.
421 2849 573 2902 Parisinus
590 2864 655 2902 ιιοιι.
676 2865 734 2918 aeq.
755 2852 832 2902 1444
849 2867 871 2903 s.
891 2848 946 2901 XI.

235 2937 264 2992 R
290 2961 324 2984 =
344 2937 403 2990 eod.
422 2936 498 2990 Mus.
517 2937 590 2991 Brit.
610 2937 675 3006 Rep.
699 2940 716 2990 5
734 2937 764 2990 D
787 2937 832 2990 VI
846 2954 868 2992 a.
888 2936 1047 2991 XI-XII.

161 3148 235 3215 Aac.
255 3145 378 3202 Betroct
402 3147 441 3201 11
463 3150 503 3201 40
520 3164 540 3200 s.
560 3147 613 3215 fin.
633 3147 719 3200 Multo
739 3147 849 3200 breuius
873 3144 902 3199 id
921 3147 965 3215 egi
983 3148 1010 3199 in
1031 3147 1148 3216 qnsdsm
1168 3145 1202 3200 ad
1223 3163 1280 3200 eos-

123 3236 190 3290 dem
214 3251 307 3289 rursus
332 3235 457 3305 epistula.
481 3235 529 3290 ssd
553 3237 616 3306 quis
639 3237 667 3290 in
697 3235 812 3289 coneilio
836 3232 982 3288 Numidiae
1006 3235 1138 3298 omnibus,
1168 3235 1215 3305 qni
1243 3235 1282 3288 ibi

123 3340 245 3386 eramus,
269 3323 321 3377 hoc
344 3323 402 3376 fieri
426 3324 536 3393 placuit,
560 3341 613 3378 non
638 3328 681 3378 est
704 3325 732 3376 in
752 3323 878 3393 epistulis
897 3324 974 3378 meis.
994 3323 1034 3377 sic
1052 3325 1152 3393 quippe
1170 3323 1281 3393 incipit:

124 3411 276 3480 „Siluanus
291 3429 379 3476 senex,
394 3411 565 3474 Valentinus,
581 3413 765 3474 innocentius.
780 3413 951 3476 Maximinus,
965 3411 1091 3481 Optatus,
1104 3413 1282 3481 Augustinus,

122 3503 255 3555 Donatus
275 3505 303 3554 st
321 3501 405 3554 ceteri
425 3502 545 3571 episcopi
565 3500 597 3554 dc
617 3501 731 3555 concilio
751 3501 873 3554 Zertensi
893 3500 928 3555 ad
946 3501 1135 3555 Donatistas“.

164 3590 380 3658 Inscrs'pttoncm
399 3607 449 3644 οιιι.
461 3589 496 3643 ’Β
568 3590 584 3642 2
604 3591 744 3659 Siluanus]
763 3591 862 3659 incipit
874 3590 878 3661 1
890 3592 1011 3644 silnanus
1029 3590 1067 3643 M
1082 3591 1216 3658 incipiunt
1234 3589 1281 3642 sil·

124 3697 216 3734 uanus
235 3679 290 3734 Fa
399 3679 524 3733 Aurelius
544 3697 594 3734 cm.
614 3680 737 3736 Retract.
757 3680 796 3733 II
814 3682 854 3733 40
870 3695 893 3733 s.
907 3679 960 3748 fia.
1070 3681 1086 3733 3
1105 3679 1237 3732 maximus
1255 3678 1283 3731 P

165 3773 285 3840 optatos,
303 3787 338 3824 m.
358 3774 374 3822 1
392 3785 460 3824 corr.
480 3774 591 3839 optatus
609 3769 640 3822 F
709 3769 835 3822 Donatus
854 3784 906 3822 om.
926 3769 964 3821 M
979 3768 1103 3830 donatos,
1120 3785 1156 3821 m.
1175 3773 1191 3821 1
1209 3784 1278 3821 corr.

124 3861 249 3914 donatus
267 3859 298 3913 F
368 3857 482 3912 llacile
502 3859 556 3912 ists
573 3858 609 3912 Μ
681 3857 749 3912 8as
768 3873 819 3912 om.
838 3855 986 3912 PMFAR
1068 3856 1172 3910 adhoc
1190 3857 1280 3911 MFA

167 3948 279 4002 ueritati
303 3948 408 4018 placuit
432 3949 520 4017 nobis]
546 3947 623 4016 quib3
648 3948 750 4018 primit'
776 3947 970 4001 amoneremini
993 3945 1055 4000 illos
1077 3963 1113 3999 m.
1132 3949 1152 3998 2
1174 3945 1225 4000 del.
1245 3945 1283 3998 P¹

127 4039 164 4094 10
189 4037 382 4091 ammonemini
405 4036 467 4090 illos
490 4035 517 4088 P
539 4053 719 4090 ammonerem
743 4037 771 4090 in
801 4035 863 4089 illos
890 4033 974 4090 ΓΑΒ
1002 4034 1225 4104 ammonerelmus
1253 4035 1281 4086 in

124 4129 192 4182 illos
211 4127 248 4180 M
321 4127 352 4180 11
374 4127 532 4180 conuinctos
551 4125 588 4179 M
657 4125 807 4188 mandaria,
826 4143 861 4183 m.
881 4131 896 4179 1
915 4141 983 4180 corr.
1002 4122 1145 4177 mendacia
1163 4122 1281 4176 Pman·

126 4216 215 4278 «latia,
234 4233 268 4272 m.
289 4220 304 4268 1
327 4231 397 4270 corr.
416 4215 556 4269 mendatia
574 4215 612 4268 M
715 4215 842 4269 issi-itere
861 4214 888 4267 P
996 4214 1028 4267 12
1047 4212 1096 4266 illa
1113 4211 1202 4266 MFA
1221 4211 1281 4263 edd.

128 4309 163 4361 15
184 4304 407 4359 manifestissime
426 4303 454 4356 P
524 4305 655 4359 conuincti
674 4305 702 4356 P
719 4305 843 4358 connecti
862 4303 892 4355 F
964 4303 997 4356 16
1016 4303 1203 4371 episcoporum
1222 4299 1286 4353 PM
