3092 4959
270 320 335 384 696
635 321 661 375 S.
689 322 826 375 Aureli
855 322 1072 390 Augustini

271 531 406 596 quorum
433 513 578 579 iustitiae
608 514 765 590 meminit,
795 518 827 578 et
855 518 1058 597 peccatorum
1088 516 1155 581 siue
1184 517 1280 583 dubio
1317 518 1433 581 meuri-

270 621 383 699 nisset,
412 623 441 685 si
464 638 527 701 qua
555 639 609 685 eos
636 640 788 703 peccasse
812 622 975 687 sensisset.
1005 622 1061 687 sed
1085 626 1178 700 esto,'
1205 624 1325 705 iuquit,
1349 624 1432 688 ‘aliis

270 727 470 810 temporibus
484 727 596 792 turbae
610 728 841 793 numerositate
860 728 1004 795 omnium
1023 728 1275 795 dissimularem
1295 736 1435 813 peccata

273 837 450 911 conterere,
478 834 605 915 inipso
630 836 740 899 statim
765 834 876 899 muudi
899 835 1082 919 primordio,
1106 836 1162 900 ubi
1186 837 1316 901 nonnisi
1343 842 1435 919 quat-

271 945 346 1006 tuor
369 941 515 1005 bomiues
539 945 637 1019 eraut,
667 942 765 1024 quid’,
791 941 905 1024 iuquit.
934 942 1093 1022 ‘dicimus
1118 962 1176 1007 cur
1197 962 1258 1007 uon
1282 945 1436 1009 omnium
1460 965 1473 1003 a

272 1048 412 1113 uoluerit
454 1047 572 1113 delicta
607 1053 804 1114 memorare?
846 1053 994 1115 utrumne
1030 1051 1171 1133 ingentis
1207 1050 1436 1131 multitudinis

274 1173 381 1231 causa,
419 1174 500 1237 quae
536 1155 677 1219 noudum
714 1159 801 1219 erat?
840 1175 878 1220 eu
916 1158 992 1239 quia
1029 1156 1159 1221 illorum
1197 1160 1338 1232 tautum,
1382 1157 1437 1239 qui

274 1261 509 1341 commiserant,
549 1263 705 1332 meminit,
744 1264 833 1327 illius
871 1282 958 1342 uero,
996 1263 1051 1345 qui
1087 1262 1176 1327 nulla
1213 1262 1437 1330 commiserat.

275 1368 460 1433 meminisse
499 1388 560 1433 uon
596 1369 725 1450 potuit?
762 1374 869 1448 certe',
912 1370 1026 1451 iuquit,
1064 1370 1177 1453 ‘primo
1216 1368 1247 1432 in
1284 1372 1438 1451 tempore

273 1476 374 1541 Adam
409 1478 442 1540 et
467 1476 546 1552 Eua,
580 1495 616 1539 er
645 1476 761 1558 quibus
792 1476 868 1543 Cain
897 1480 930 1541 et
955 1476 1039 1541 Abel
1064 1476 1131 1541 uati
1160 1480 1245 1551 suut,
1278 1480 1476 1555 quattuorue

275 1582 418 1648 homiues
450 1586 576 1647 tautum
608 1583 711 1647 fuisse
748 1584 936 1649 referuntur.
973 1583 1121 1666 peccauit
1156 1583 1235 1655 Eua,
1272 1581 1439 1661 scriptura

275 1690 335 1753 boc
368 1689 521 1772 prodidit;
555 1690 658 1753 Adam
691 1708 818 1773 quoque
851 1690 996 1773 deliquit,
1030 1688 1141 1754 eadem
1178 1690 1338 1769 scriptura
1370 1707 1436 1752 uon

276 1796 390 1864 tacuit:
416 1795 472 1859 sed
492 1798 525 1859 et
544 1794 618 1860 Cain
644 1813 794 1878 peccasse
814 1796 883 1878 ipsa
903 1814 1027 1878 quoque
1047 1796 1203 1877 scriptura
1225 1797 1348 1858 testata
1371 1798 1435 1859 est

277 1920 412 1982 quorum
440 1921 502 1965 uon
530 1902 624 1966 modo
653 1907 785 1985 peccata
812 1922 924 1967 uerum
954 1904 1050 1967 etiam
1078 1906 1281 1983 peccatorum
1311 1901 1435 1965 iudicat

278 2008 477 2089 qualitatem.
507 2009 644 2091 quodsi
673 2013 706 2073 et
732 2009 814 2073 Abel
841 2014 1029 2092 peccasset,
1058 2008 1172 2090 iuquit,
1201 2010 1245 2071 ‘et
1272 2007 1333 2071 boc
1362 2008 1435 2071 siue
1453 2032 1474 2071 u

278 2114 374 2179 dubio
397 2116 554 2197 scriptura
577 2116 723 2193 dixissem
748 2117 775 2181 si
805 2137 867 2181 nou
891 2117 979 2194 dixit,
1002 2136 1078 2200 ergo
1102 2134 1160 2179 uec
1182 2115 1238 2180 ille
1261 2115 1435 2197 peccauit&

233 2222 253 2283 9
321 2222 409 2285 Haec
441 2223 537 2286 uerba
570 2223 608 2286 de
635 2223 715 2289 libro
745 2224 814 2287 eius
843 2224 996 2307 decerpsi,
1031 2242 1110 2305 quae
1143 2224 1175 2286 iu
1203 2222 1274 2303 ipso
1303 2238 1433 2301 quoque

278 2329 442 2393 uolumine
466 2333 523 2393 tua
548 2331 700 2395 sauctitas
723 2331 842 2412 poterit
864 2330 1018 2407 inuenire,
1043 2334 1080 2393 ut
1102 2328 1311 2413 intellegatis,
1337 2344 1432 2407 quem
1501 2324 1504 2327 ’

279 2434 319 2499 ad
342 2434 473 2499 modum
493 2437 526 2499 et
549 2442 652 2501 cetera
675 2437 804 2521 neganti
829 2437 953 2501 credere
978 2434 1132 2513 debeatis,
1155 2435 1219 2499 nisi
1242 2434 1325 2497 sorte
1349 2432 1433 2496 dieat

279 2540 386 2623 ipsum
412 2542 495 2606 Abel
523 2543 605 2608 nibil
626 2563 788 2625 peccasse,
817 2544 875 2609 sed
898 2545 970 2609 ideo
998 2562 1059 2607 nou
1083 2542 1184 2605 fuisse
1209 2540 1278 2605 eine
1301 2549 1431 2622 peccate
1448 2564 1471 2603 s

279 2650 312 2711 et
338 2647 410 2713 ideo
439 2668 500 2713 uon
528 2668 624 2731 posse
653 2650 781 2715 domiuo
815 2649 1000 2732 comparari,
1033 2650 1088 2731 qui
1119 2648 1152 2711 iu
1181 2665 1274 2712 carue
1307 2642 1432 2709 mortali

280 2755 369 2818 solus
391 2755 459 2819 sine
478 2763 608 2839 peccato
632 2757 704 2834 fuit,
729 2758 805 2839 quia
827 2760 896 2822 eret
917 2758 949 2821 iu
972 2756 1052 2821 Abel
1077 2753 1231 2838 originale
1254 2756 1432 2835 peecatum..

281 2862 363 2942 quod
380 2862 417 2926 de
428 2863 529 2927 Adam
544 2868 690 2944 traxerat,
706 2864 814 2928 nonin
830 2884 864 2929 se
879 2864 948 2945 ipso
960 2862 1028 2945 ipse
1044 2861 1248 2926 commiserat
1259 2896 1301 2904 —
1312 2858 1432 2921 urinam

282 2969 396 3033 saltem
425 2970 485 3034 hcc
519 2972 613 3049 dicat,
646 2975 683 3035 ut
714 2972 842 3035 iuterim
871 2972 941 3035 eius
970 2971 1007 3035 dc
1035 2968 1195 3051 baptismo
1225 2966 1431 3051 paruulorum

283 3082 400 3141 certam
421 3078 612 3142 seutentiam
636 3082 742 3143 tenere
764 3078 943 3161 possimus!
969 3114 1011 3124 —·
1036 3079 1093 3140 aut
1116 3075 1143 3141 si
1165 3075 1259 3149 forte,
1285 3070 1431 3153 quoniam
1448 3096 1468 3135 s

283 3184 361 3247 dixit
384 3186 433 3248 ‘ab
457 3184 591 3250 infautia
618 3204 720 3267 usquo
744 3184 785 3249 ad
809 3187 1028 3260 senectutem',
1057 3180 1129 3247 ideo
1158 3179 1245 3244 dicat
1267 3176 1353 3243 Abel
1375 3196 1432 3241 neu

282 3309 442 3372 peccasse,
475 3292 551 3372 quia
581 3310 639 3355 uec
676 3291 823 3356 senuisse
859 3290 1061 3354 monstratur.
1097 3307 1159 3353 nou
1196 3286 1256 3351 hcc
1294 3284 1435 3349 iudicant

284 3396 381 3459 uerba
414 3397 498 3471 eius;
521 3397 570 3461 ab
600 3396 691 3461 initio
719 3396 856 3479 priorem
890 3396 989 3459 uitam
1020 3392 1098 3458 dixit
1125 3392 1352 3476 peccatricem,
1386 3408 1435 3473 pe

284 3504 449 3569 steriorem
469 3524 545 3569 uero
563 3522 658 3587 posse
678 3523 749 3569 esse
768 3505 836 3568 siue
854 3508 997 3585 peccato.
1017 3501 1063 3565 ait
1081 3502 1165 3565 enim
1180 3518 1241 3563 nou
1257 3518 1293 3563 se
1308 3498 1434 3562 dirisse.

285 3610 434 3693 quoniam
454 3610 633 3676 inueniatur
652 3610 734 3693 quis,
759 3610 798 3674 ab
817 3608 949 3673 infautia
966 3626 1069 3689 usque
1094 3606 1132 3670 ad
1156 3610 1356 3670 senectutem
1384 3602 1435 3685 qui
1450 3624 1471 3667 aa

284 3738 345 3783 nou
381 3719 570 3799 peccauerit,
608 3719 665 3783 sed
702 3717 851 3800 quoniam
889 3735 908 3779 a
943 3715 1083 3797 peccatis
1121 3730 1295 3778 conuersus
1331 3712 1436 3776 labore

285 3826 411 3907 proprio
445 3832 478 3889 et
511 3825 613 3909 gratia
645 3825 696 3889 dei
733 3824 863 3889 adiutus
894 3824 1002 3905 potest
1032 3821 1154 3903 absque
1186 3822 1320 3901 peccato
1359 3838 1436 3883 esse.

287 3952 359 3996 cum
380 3932 464 3996 euim
485 3931 563 3995 dicit
580 3938 609 3995 ‘a
628 3932 767 4015 peccatis
792 3936 987 4005 conuersus’,
1012 3927 1152 3992 ostendit
1174 3927 1315 4011 priorem
1340 3926 1436 3989 uitam

323 4142 339 4194 6
359 4140 460 4194 delicta
478 4156 494 4193 r
512 4138 586 4194 dieta
603 4140 682 4196 codd.
702 4145 728 4192 et
745 4145 805 4193 cett.
824 4136 885 4192 edd.
981 4138 1016 4191 24
1034 4136 1144 4191 iuterim
1163 4135 1234 4205 eius]
1253 4134 1367 4189 iuterim
1392 4128 1441 4185 ΓΠ

288 4238 366 4285 (corr.
385 4231 467 4283 interl
487 4230 532 4297 ei')
550 4231 608 4283 lar
