3092 4959
514 370 779 437 epistularum
808 368 940 425 CXXVIL
1255 376 1296 438 21

142 568 245 631 suos?
271 564 325 645 qui
349 566 454 627 tamon
478 562 620 645 periculo
641 562 710 626 cius
731 580 825 645 saepo
843 564 962 628 turbati
982 565 1077 631 citius
1097 586 1166 631 cam
1185 566 1300 631 liniunt

145 691 183 736 co
206 672 291 753 ipso,
312 689 374 752 quo
398 669 486 735 linire
510 668 690 747 formidant,
710 672 742 733 ot
765 673 900 736 mortem
925 670 998 735 dum
1024 672 1192 749 declinant,
1212 693 1298 739 acco-

143 780 260 853 larnnt
288 776 390 841 uoluti
418 777 446 840 si
474 775 644 859 quisquam
676 771 787 842 fluuio
807 777 975 860 rapiendus
1008 779 1113 844 inruat
1144 782 1299 846 latronem

145 884 327 950 bostiamus
351 883 510 967 fugiondo
535 883 655 947 iactant
677 882 709 947 in
733 902 819 949 mare
844 888 1033 969 tempestato
1057 887 1220 952 saeuiente
1245 888 1300 951 ali·

108 990 275 1075 cquando
299 994 331 1054 st
353 991 504 1055 alimonia
527 993 568 1067 et,
593 992 630 1053 ut
657 989 780 1068 uiuant,
804 990 973 1072 proiciunt,
998 992 1083 1060 nudo
1109 993 1235 1070 uiuunt,
1260 1013 1298 1058 na

146 1098 214 1163 cito
243 1096 379 1177 finiatur,
408 1096 493 1179 quod
524 1098 577 1163 uei
609 1097 640 1160 in
673 1096 781 1163 laboro
813 1098 946 1163 uiuitur.
979 1100 1106 1182 quantis
1136 1100 1299 1166 laboribus

147 1204 267 1289 agitur,
292 1207 328 1269 ut
350 1203 491 1287 longiore
515 1206 656 1287 tempore
680 1202 855 1269 laboretur!
880 1208 911 1268 ot
936 1224 1020 1271 mors
1041 1226 1113 1271 cum
1130 1207 1299 1290 inpendero

148 1311 302 1395 cooperit,
319 1310 390 1375 ideo
410 1313 549 1390 cauetur,
570 1312 606 1373 ui
625 1310 746 1375 <liutius
770 1309 930 1375 timeatur.
949 1331 1022 1376 nam
1039 1312 1122 1378 inter
1139 1317 1188 1379 tot
1206 1332 1299 1378 casus

147 1417 334 1501 fragilitatis
362 1417 516 1481 humanas
545 1435 639 1497 quam
672 1418 792 1481 multae
825 1422 943 1483 mortes
974 1419 1137 1495 timentur,
1166 1439 1299 1501 quarum

99 1556 128 1595 ιο
149 1528 237 1590 certo
265 1544 327 1589 una
355 1542 427 1587 cum
455 1523 588 1601 usuarii,
617 1526 716 1587 restat
744 1526 866 1589 ceteras
894 1544 955 1591 non
983 1525 1103 1589 timori!
1134 1530 1166 1589 ct
1194 1529 1298 1589 tamon

147 1632 275 1716 fugitur
293 1649 364 1706 una,
379 1632 417 1693 ut
435 1649 543 1694 omnes
559 1630 741 1695 timeantur.
761 1630 879 1713 quibus
894 1632 1111 1695 excruciantur
1125 1632 1298 1709 doloribus,

150 1739 207 1820 qui
231 1740 379 1802 curantur
402 1757 419 1801 a
443 1736 573 1803 medicis
598 1740 631 1801 ot
654 1740 814 1803 secantur!
840 1738 993 1821 numquid
1017 1741 1137 1803 utnon
1165 1738 1299 1803 morian·

149 1848 227 1910 tur?
252 1844 308 1908 scd
335 1847 372 1907 ut
399 1843 558 1925 aliquanto
588 1842 689 1909 scrius
719 1843 903 1909 moriantur.
928 1844 1022 1909 multi
1047 1844 1205 1910 cruciatus
1230 1866 1300 1910 sus·

150 1950 313 2035 cipiantur
327 1950 415 2029 corti,
431 1952 467 2014 ut
485 1950 577 2031 pauci
596 1949 663 2015 dics
683 1948 860 2015 adiciantur
877 1951 998 2029 incerti,
1014 1956 1046 2017 ot
1064 1971 1299 2034 nonnumquam

102 2089 129 2127 ιι
149 2056 233 2141 ipsis
258 2056 419 2121 doloribus
443 2056 521 2121 uicti
550 2056 698 2121 continuo
728 2057 916 2136 moriuntur,
940 2078 1019 2139 qnos
1048 2058 1159 2123 mortis
1187 2060 1300 2123 timore

152 2163 343 2246 suscipiunt,
368 2166 401 2228 ct
423 2182 496 2228 cunr
521 2164 647 2229 omniuo
671 2183 731 2229 non
756 2162 877 2248 eligant
900 2165 999 2229 uitam
1027 2165 1126 2242 linire,
1150 2185 1188 2229 nc
1216 2165 1299 2229 doio·

151 2274 217 2345 ant,
243 2270 299 2335 sed
323 2270 438 2345 dolere,
459 2288 496 2334 nc
520 2270 641 2346 finiant,
662 2270 779 2335 occidit
797 2271 853 2350 ais,
874 2274 911 2336 ut
934 2276 965 2335 et
985 2271 1112 2337 doleant
1131 2277 1164 2336 et
1181 2272 1301 2351 finiant,

153 2397 214 2443 non
240 2378 344 2442 solum
368 2377 441 2460 quia
470 2382 502 2441 et
529 2378 631 2443 sanati
660 2378 758 2443 uitam
788 2378 898 2460 utiquo
926 2377 1038 2443 finiunt
1065 2382 1137 2460 post
1165 2378 1301 2446 dolores.

152 2502 234 2566 quac
258 2484 353 2547 tantis
376 2483 486 2567 posuis
511 2487 692 2567 comparata
715 2504 771 2549 noo
790 2484 983 2566 sempiterna
1001 2504 1072 2550 osse
1090 2487 1207 2569 potest,
1228 2486 1302 2568 quia

191 2764 204 2815 1
227 2762 285 2815 ains
304 2760 423 2831 periculo
442 2760 470 2814 P
540 2762 556 2813 2
576 2777 628 2830 quo
648 2776 699 2813 om.
719 2759 749 2813 E
766 2777 792 2831 q.
811 2777 845 2814 m.
865 2762 885 2814 2
904 2776 958 2829 qua
975 2760 1011 2813 Μ
1095 2777 1188 2815 acccro
1206 2763 1298 2831 spatio

152 2854 231 2906 3--4
251 2852 267 2905 l.
287 2851 390 2914 relicto,
409 2866 444 2903 m.
465 2850 655 2904 accurrerant
675 2849 699 2903 G
804 2850 820 2903 3
840 2850 864 2903 si
883 2866 944 2912 om.,
963 2866 997 2904 m.
1016 2856 1049 2904 ot
1066 2851 1125 2904 uid.
1144 2855 1159 2904 1
1179 2851 1243 2905 cdd.
1263 2850 1301 2904 Pl

189 2939 281 3003 fluuio,
300 2954 370 2993 corr.
388 2938 470 2993 fluuio
489 2938 511 2992 I
628 2939 715 2991 irruat
732 2940 760 2991 in
778 2938 913 2992 latronem
931 2939 1047 2993 bestiam
1067 2938 1197 3009 fugiendo
1216 2940 1304 2993 HPE

187 3028 316 3093 latonam,
330 3044 365 3081 m.
379 3031 393 3080 1
407 3043 476 3082 corr.
491 3027 624 3082 latronam
639 3027 676 3081 M
726 3030 923 3098 itempestatc
937 3028 1083 3082 saeuiendo
1094 3029 1121 3081 P
1132 3033 1298 3098 tempestate

151 3117 277 3171 ssuientc
300 3118 344 3183 (m.
364 3118 384 3169 2
406 3118 585 3186 tempestates
609 3118 753 3178 saulonien,
777 3115 992 3184 cedrorumque
1014 3133 1027 3169 s
1051 3121 1122 3185 exp.)
1141 3117 1177 3170 M
1198 3120 1300 3186 tempe-

152 3210 227 3261 state
247 3204 400 3259 saeuientes
418 3205 436 3259 1
495 3207 511 3258 5
530 3205 610 3258 uiunt
629 3204 662 3258 Η
677 3208 751 3271 (cci
770 3220 840 3259 corr.
860 3206 968 3273 uiuunt)
988 3206 1018 3259 E
1034 3206 1142 3259 uiuuint
1160 3207 1186 3258 A
1205 3207 1301 3259 uiuant

151 3292 229 3350 ΜΡ2
246 3298 289 3359 (m.
308 3298 329 3348 2
347 3295 455 3361 uiuunt)
527 3310 577 3349 nec
595 3298 620 3362 (c
639 3293 747 3361 datm
799 3294 1048 3364 liquori—uiuitur
1066 3294 1159 3348 om.P
1211 3296 1301 3348 tuti-

150 3389 199 3439 tur
217 3383 305 3437 HPE
347 3384 426 3438 croc
446 3384 535 3452 casus]
556 3400 698 3439 occasasus
717 3388 757 3453 (as
777 3382 840 3453 del.)
859 3383 893 3436 Η
909 3400 1020 3437 occasus
1038 3382 1094 3437 PE
1139 3384 1172 3439 10
1192 3382 1301 3454 calliste

150 3476 221 3544 (ras.
240 3476 312 3527 1-2
331 3474 371 3542 1.),
391 3488 460 3529 corr.
481 3476 526 3539 (m.
549 3470 595 3539 l?)
616 3472 725 3543 ccillirte
743 3470 783 3525 P²
838 3472 867 3526 11
889 3462 931 3540 nt]
952 3488 1011 3525 cum
1033 3470 1095 3526 ΟΡ1
1113 3472 1174 3527 edd.
1188 3479 1302 3540 praeter

151 3580 179 3617 m
281 3562 462 3621 excuciantnr.
482 3578 551 3617 corr.
573 3573 617 3623 (m.
636 3560 687 3631 1?)
707 3561 893 3617 excruciantur
910 3562 931 3615 1
1020 3563 1052 3615 12
1073 3561 1119 3631 qui
1140 3567 1268 3616 curantur
1286 3579 1302 3615 a

148 3650 266 3707 medicis
285 3652 322 3721 ot]
343 3653 388 3721 qni
409 3655 536 3706 curantur
555 3650 693 3705 doloribus
708 3655 736 3703 et
750 3649 810 3703 ΗΡ
823 3650 866 3703 uel
882 3652 977 3705 ceteris
995 3650 1103 3705 munais
1116 3651 1145 3705 Ε
1199 3651 1230 3705 13
1251 3650 1301 3705 ali·

151 3743 301 3810 quantosar
318 3740 361 3793 uis
383 3738 407 3793 C
425 3739 570 3809 aliquando
591 3737 675 3791 serius
694 3737 770 3790 P¹M
866 3738 946 3791 multi
965 3739 1100 3792 cruciatus
1119 3738 1303 3806 suscipiuntur

148 3846 214 3897 om,
229 3832 294 3885 Μ’
308 3828 375 3882 add.
391 3829 411 3881 I
463 3829 655 3897 suspiciuntur,
670 3844 704 3879 m.
719 3833 750 3879 ul
765 3826 824 3879 aoid.
838 3829 853 3878 1
868 3843 935 3882 corr.
956 3828 1141 3895 suscipiuntur
1155 3826 1191 3880 P¹
1211 3828 1300 3896 suspi-

150 3920 268 3985 tinntur,
287 3935 322 3974 m.
342 3920 362 3971 2
380 3918 562 3987 suscipiuntur
581 3916 618 3969 Ρ
675 3916 708 3968 14
727 3916 765 3984 etl
787 3919 818 3967 ut
836 3916 865 3969 E
937 3932 1149 3983 nonannmquam
1169 3916 1269 3982 (suillae
1285 3933 1301 3985 q

148 4009 185 4061 ior
204 4004 295 4073 ras.?)
315 4005 353 4060 Ρι
423 4007 454 4060 15
475 4006 541 4061 uicti
559 4021 610 4061 om.
630 4004 718 4059 HPE
787 4004 939 4058 timoresI
1004 4003 1036 4056 16
1056 4004 1241 4072 suscipiuntur
1260 4011 1303 4069 (ur

149 4097 218 4163 del.)
237 4096 268 4151 H
340 4098 385 4166 uc]
405 4113 455 4150 noo
475 4096 505 4149 E
567 4096 598 4149 17
619 4094 666 4149 scd
686 4093 777 4148 dolere
796 4111 830 4149 nc
850 4095 1014 4147 liniantom.
1034 4090 1074 4145 P²
1146 4093 1238 4145 dolore
1257 4094 1302 4147 121

149 4184 272 4239 dolorem
288 4184 375 4238 ΗΡΕ
426 4200 460 4239 nc
474 4184 561 4239 om.I
606 4200 651 4251 pr.
666 4187 759 4237 stom.
775 4180 919 4235 ΙΜΑΟΡ2
937 4181 997 4237 cdd.
1050 4184 1083 4235 18
1103 4182 1198 4249 utiquo
1217 4182 1302 4235 uitam

147 4273 213 4331 edd.
272 4272 305 4327 19
326 4272 451 4341 poenitus
472 4276 512 4338 (tu
532 4290 566 4326 m.
587 4275 606 4325 2
625 4272 687 4339 dei.)
707 4270 745 4324 1³²
817 4288 877 4341 qun.
897 4287 966 4325 corr.
988 4275 1033 4335 (m.
1053 4269 1109 4335 29)
1131 4270 1195 4340 quia
1213 4270 1245 4325 Η
