3092 4959
268 407 310 469 24
619 403 645 457 S.
675 404 813 459 Aureli
839 404 1059 474 Augustini

267 597 400 663 sarcinis
434 616 598 664 oneremus
632 597 863 681 audiamusque
901 600 1074 678 dominum,
1108 602 1163 682 qui
1199 600 1291 667 nobis
1326 601 1416 666 illam

267 704 369 769 uitam
388 722 513 769 summo
533 704 641 769 ardore
661 704 901 771 desiderandam
919 704 1105 772 fidelissime
1127 708 1307 789 pollicetur,
1325 708 1402 772 uelu

268 812 299 875 in
320 811 421 875 totius
441 812 549 877 muudi
569 813 713 878 contione
733 814 937 878 clamantem:
962 813 1108 879 Venite
1127 814 1173 878 ad
1192 833 1250 877 me
1269 834 1416 890 omnes,

270 917 337 1000 qui
359 918 565 983 laboratis
590 923 628 984 et
648 921 806 984 onerati
831 920 945 997 estis,
965 924 1005 984 et
1028 940 1098 1004 ego
1122 940 1194 986 uos
1219 922 1415 986 reficiam.

269 1025 412 1089 tollite
450 1025 588 1110 iugum
625 1046 751 1091 meum
789 1044 911 1110 super
947 1046 1019 1091 uos
1052 1031 1089 1092 et
1121 1028 1273 1093 discite
1301 1046 1319 1091 a
1345 1048 1415 1105 me,
1450 1056 1465 1091 s

271 1132 458 1213 quoniam
484 1133 597 1197 mitia
623 1152 704 1198 sum
731 1136 769 1198 et
793 1134 961 1199 humilis
981 1134 1109 1211 corde,
1130 1138 1169 1199 et
1187 1134 1416 1200 inuenietis

270 1240 450 1321 requiem
471 1239 680 1305 animabus
704 1242 876 1315 uestris;
900 1242 1039 1325 iugum
1059 1241 1160 1306 enim
1181 1260 1305 1306 meum
1325 1244 1416 1307 lene

272 1350 335 1410 est
358 1350 396 1410 et
420 1366 518 1412 onus
542 1366 668 1413 meum
692 1350 784 1413 leue
808 1351 879 1413 est.
903 1349 980 1413 haec
1004 1348 1173 1433 disciplina
1195 1349 1265 1432 piae
1288 1348 1417 1415 humili-

269 1454 346 1517 tatis
370 1457 535 1519 uentosam
568 1460 600 1519 et
626 1456 785 1520 turbidam
812 1456 1021 1539 cupiditatem
1048 1456 1174 1520 auidam
1201 1476 1304 1520 rerum
1333 1459 1419 1519 extra

271 1562 411 1624 nostram
434 1564 625 1644 potestatem
650 1561 895 1627 constitutarum
918 1562 1011 1644 pellit
1034 1582 1070 1627 ex
1092 1563 1197 1626 animo
1221 1566 1254 1626 et
1281 1562 1417 1644 quodam
1440 1587 1469 1625 ιο

269 1665 365 1731 modo
379 1669 509 1749 expirat.
523 1668 568 1733 ibi
583 1668 666 1733 euim
680 1668 778 1750 labor,
794 1667 849 1734 ubi
864 1670 965 1734 multa
980 1672 1172 1752 quaeruntur
1185 1673 1218 1733 et
1231 1668 1417 1753 diliguntur,

272 1774 388 1857 quibus
403 1776 615 1859 adipiscendis
630 1782 725 1857 atque
737 1776 909 1841 retinendis
926 1778 1075 1842 uoluntas
1095 1795 1156 1840 non
1176 1777 1255 1841 satis
1269 1780 1328 1854 est,
1344 1774 1419 1857 quia

270 1885 518 1963 consequentem
535 1902 597 1949 non
615 1883 711 1948 habet
729 1884 926 1947 facultatem.
944 1883 1028 1948 iusta
1046 1902 1119 1947 uero
1137 1884 1306 1962 attacum
1324 1882 1418 1947 uolu-

273 2008 355 2066 mus,
380 1988 479 2067 adest‚
504 1989 580 2073 quia
603 2008 672 2053 eam
695 1992 798 2072 ipsam
821 1990 913 2073 plene
936 1990 1020 2054 uelle
1043 1989 1169 2055 iustitia
1191 1993 1243 2054 est
1264 2008 1322 2053 nec
1343 1989 1417 2072 plus

272 2094 393 2177 aliquid
411 2096 600 2179 perficienda
614 2097 737 2161 iustitia
755 2116 850 2179 quam
869 2097 1041 2179 perfectam
1060 2097 1259 2161 uoluntatem
1277 2095 1417 2177 requirit.
1439 2121 1468 2159 ιε

274 2200 357 2279 uide,
383 2203 408 2267 si
433 2203 523 2268 labor
546 2208 604 2281 est,
628 2204 683 2268 ubi
707 2204 791 2269 uelle
816 2204 894 2269 satis
919 2206 978 2268 est.
1006 2204 1089 2267 unde
1113 2203 1267 2268 diuinitus
1297 2202 1416 2267 dictum

274 2313 337 2374 est:
362 2310 501 2375 Parin
531 2314 638 2375 terra
666 2310 902 2376 hominibus
931 2310 1056 2375 bonae
1084 2310 1329 2375 uoluntatis.
1361 2308 1418 2373 ubi

273 2435 342 2499 par,
362 2416 406 2480 ibi
430 2417 570 2499 1·equies;
590 2417 644 2480 ubi
664 2417 799 2498 requies,
818 2417 864 2481 ibi
886 2416 959 2481 finis
979 2416 1147 2500 appetendi
1167 2418 1200 2479 et
1217 2416 1306 2480 nulla
1324 2432 1419 2480 causa

272 2524 445 2589 laborandi.
469 2524 525 2588 sed
549 2524 626 2589 haec
651 2524 799 2589 uoluntas
822 2529 860 2589 ut
878 2525 972 2608 plena
995 2524 1048 2601 sit,
1068 2525 1193 2608 oportet
1211 2527 1249 2588 nt
1266 2542 1343 2587 sana
1360 2520 1418 2594 sia

273 2631 335 2695 erit
358 2635 463 2695 autem
488 2651 573 2709 sana,
594 2632 620 2695 si
644 2631 803 2695 medicum
827 2650 888 2696 non
911 2630 1059 2715 refugiat,
1080 2631 1172 2697 cuius
1195 2630 1295 2696 solius
1319 2627 1421 2714 gratia
1438 2654 1469 2693 ao

272 2740 377 2804 sanari
404 2742 552 2820 potesta
579 2738 688 2802 morbo
717 2737 942 2803 desideriorum
973 2737 1145 2802 noxiorum.
1173 2738 1242 2820 ipse
1269 2739 1319 2801 est
1345 2752 1419 2817 ergo

273 2846 427 2923 medicus,
445 2845 499 2928 qui
514 2846 642 2910 clamat:
660 2844 804 2909 Venite
820 2845 865 2909 ad
880 2864 937 2909 me
956 2863 1099 2923 omnes,
1120 2844 1186 2926 qui
1204 2842 1418 2917 laboratis,

274 2952 386 3036 iugum
420 2972 513 3017 sarum
545 2952 616 3017 leue
649 2955 680 3016 et
708 2970 786 3016 onus
813 2952 886 3016 leue
914 2951 1032 3029 diceus,
1060 2951 1134 3033 quia
1167 2949 1323 3015 diffusa
1352 2966 1421 3030 per

365 3144 381 3196 3
400 3142 498 3197 Matth.
521 3144 562 3205 11,
582 3143 688 3196 ‘ra-30
745 3142 777 3195 17
797 3141 861 3195 Luc.
880 3142 905 3211 2,
927 3142 960 3195 l4
1013 3142 1048 3196 23
1066 3142 1142 3195 Rom.
1163 3144 1188 3208 5,
1208 3143 1224 3196 5

312 3252 328 3304 2
347 3252 433 3304 uitam
452 3266 503 3307 om.
523 3250 611 3303 HPE
692 3249 709 3301 3
729 3250 886 3302 concionem
904 3249 961 3319 (pr.
981 3264 996 3302 o
1015 3250 1046 3302 ia
1063 3264 1134 3313 raa.;
1152 3266 1180 3301 m
1198 3247 1261 3313 det.)
1280 3246 1314 3300 H
1328 3244 1421 3300 coadi-

276 3342 352 3393 tione
371 3339 398 3392 P
416 3338 572 3393 condicione
595 3338 618 3392 0
634 3339 809 3392 contentione
827 3338 863 3391 Μ
933 3339 951 3390 4
969 3338 1094 3391 honerati
1112 3336 1150 3390 P¹
1168 3336 1196 3403 (h
1214 3339 1297 3403 eras.)
1317 3334 1341 3389 0
1356 3350 1420 3388 ouo·

277 3430 329 3482 rati
349 3429 383 3482 Μ
437 3432 590 3498 ὀιιιριιριι
609 3432 656 3497 (pu
676 3428 738 3495 det.)
757 3428 792 3480 H
842 3428 943 3497 dquia
959 3444 995 3480 ιιι.
1013 3442 1063 3480 aec.
1083 3426 1160 3495 Vatp.
1216 3424 1422 3479 ianimanibus

277 3519 313 3572 Μ
330 3519 428 3573 animis
448 3518 481 3571 ΡΙ
585 3518 657 3587 leue]
677 3519 738 3572 leue
757 3518 788 3571 E
802 3534 885 3571 unaue
904 3518 925 3571 Ι
940 3522 1005 3583 (raa.
1025 3524 1051 3571 et
1068 3533 1136 3571 corr.
1155 3534 1189 3570 m.
1209 3520 1242 3583 2‚·
1255 3516 1345 3583 saraae
1361 3512 1421 3567 nid.

277 3610 348 3677 leue)
368 3609 393 3661 A
412 3624 462 3662 arc.
487 3608 565 3677 Vntp.
616 3610 694 3661 aest
713 3614 789 3677 (poet
808 3609 879 3674 lene)
897 3608 987 3662 aeli
1002 3624 1053 3662 om.
1072 3607 1119 3660 Pl
1134 3606 1194 3662 cdd.
1267 3604 1422 3674 leuethaec

276 3698 340 3767 (om.
361 3701 412 3767 est)
432 3698 470 3751 12²
542 3697 755 3767 9cupiditatem
774 3713 826 3752 ora.
846 3697 933 3751 HPE
1013 3697 1047 3752 10
1065 3697 1299 3749 constitut-uarum
1318 3693 1424 3761 (saitae

278 3806 308 3843 ar
328 3786 352 3852 ,9)
373 3786 411 3840 P²
485 3788 514 3841 ll
537 3787 638 3857 expilat
656 3787 693 3841 P¹
713 3789 805 3857 expiat
822 3786 910 3840 HPE
979 3784 1193 3855 requirunturl
1262 3785 1296 3838 13
1313 3782 1423 3846 habere,

277 3896 311 3931 m.
333 3876 454 3931 2habet
472 3878 497 3930 A
572 3876 694 3947 uita·(m
713 3876 795 3945 eras.)
813 3875 852 3929 P¹
921 3877 954 3929 14
974 3874 1167 3929 adeatom.C
1234 3873 1266 3926 16
1284 3871 1347 3925 uide
1365 3885 1423 3923 rna.

279 3982 311 4021 aa
335 3966 405 4020 unde
429 3966 450 4019 I
471 3964 542 4031 uide,
566 3982 600 4019 m.
625 3970 645 4020 2
667 3966 789 4019 undeG
872 3970 915 4018 ost
936 3970 1014 4033 (aare
1037 3963 1094 4018 ubit
1118 3980 1180 4017 om..
1203 3978 1237 4015 m.
1262 3966 1278 4014 1
1301 3958 1366 4014 add.
1388 3959 1426 4012 Μ

315 4055 416 4109 dictum
438 4060 480 4109 est
499 4054 630 4108 diuinitus
644 4056 759 4123 paractis
778 4071 847 4108 corr.
867 4054 905 4107 M
966 4055 998 4108 17
1016 4052 1045 4106 in
1064 4054 1147 4122 terra]
1166 4052 1239 4106 inter
1256 4054 1302 4116 (ιιι.
1322 4053 1341 4103 3
1360 4047 1423 4104 dett

279 4146 307 4197 A
361 4146 391 4198 21
414 4144 566 4198 noxiorum
590 4142 626 4196 P¹
650 4144 790 4197 noxiorum
814 4148 899 4211 (orum
923 4161 958 4196 m.
981 4149 1013 4196 at
1035 4142 1094 4198 aid.
1119 4144 1148 4204 2)
1173 4140 1193 4193 1
1214 4154 1321 4193 suorum
1348 4136 1425 4190 nori·

279 4248 354 4285 orum
380 4232 466 4286 HPE
554 4250 612 4303 ego,
636 4250 669 4287 m.
696 4236 715 4285 2
739 4248 803 4301 ergo
822 4232 859 4284 M
946 4232 981 4285 ‘23
1000 4231 1071 4299 lene]
1095 4230 1195 4283 leuel
1283 4229 1321 4296 et]
1341 4229 1382 4279 eat
1402 4225 1428 4278 (¹

315 4338 381 4375 onus
401 4338 478 4375 suum
498 4322 559 4377 leue
578 4322 664 4377 HPE
