3092 4959
484 375 749 444 epistularum
778 373 950 430 CXXXVIII.
1226 377 1290 442 133

140 573 250 634 tutum
273 573 334 644 est,
359 569 469 635 itidem
498 574 584 635 recle
612 571 673 635 alio
701 573 843 653 tempore
871 589 966 654 posse
994 569 1109 634 mutari
1138 571 1291 634 mutantis

141 695 235 760 opere
254 697 315 742 non
335 676 542 760 dispositione
557 681 690 753 mutate,
706 697 801 762 quiam
817 678 1057 761 dispositionem
1070 677 1291 760 intellegibilis

139 783 221 848 ratio
241 783 392 860 conduct,
407 784 462 848 ubi
480 784 549 848 sine
568 788 709 867 tempore
728 784 826 849 simul
845 787 1025 866 santoneo
1044 784 1076 847 in
1095 783 1292 864 temporibus

140 891 238 954 simul
270 889 338 954 fieri
370 909 431 956 non
462 894 609 974 possunt,
642 892 717 973 quia
748 894 892 973 tempora
923 910 983 955 non
1021 890 1118 955 simul
1150 893 1292 964 currunt,

107 997 298 1081 squispiam
327 998 473 1062 fortassis
500 1001 645 1080 expectet
673 1017 785 1063 causas
810 1017 827 1062 a
855 998 946 1064 nobis
974 997 1076 1081 ipsius
1105 995 1292 1061 mutationis

141 1106 294 1188 accipere,
314 1105 399 1187 quod
417 1106 486 1189 ipse
505 1107 589 1172 nosti
608 1126 703 1190 qnam
723 1107 835 1189 prolixi
855 1105 975 1191 negotii
995 1105 1045 1170 sit.
1061 1123 1172 1169 uerum
1186 1108 1292 1168 tamen

139 1213 281 1278 breuiter
307 1212 370 1276 dici
401 1217 518 1296 potest,
548 1215 634 1295 quod
665 1214 785 1279 bomini
818 1215 911 1278 acuto
944 1213 1088 1278 fortassis
1123 1211 1292 1286 suffecerit,

140 1319 213 1383 aliis
241 1319 447 1383 sacramentis
474 1320 690 1400 praenuntiari
714 1319 887 1396 Christum,
912 1338 984 1384 cum
1014 1321 1166 1382 uenturus
1195 1320 1292 1396 esset,

139 1425 224 1502 aliis,
252 1445 325 1490 cum
348 1425 498 1504 uenisset,
521 1425 701 1491 adnuntiari
730 1426 921 1510 oportuisse,
946 1427 1030 1491 sicut
1056 1425 1150 1490 modo
1178 1443 1236 1489 nos
1259 1423 1293 1488 id

94 1556 122 1596 ro
139 1538 247 1616 ipsum
265 1533 431 1614 loquentes
450 1533 620 1596 diuersitas
638 1552 744 1598 rerum
763 1534 920 1616 compulit
938 1533 1033 1597 etiam
1049 1532 1146 1596 uerba
1159 1535 1292 1608 mutare,

139 1639 168 1704 si
188 1639 315 1720 quidem
335 1637 421 1702 aliud
440 1643 490 1704 est
512 1641 746 1722 ‘praenuntiari'
770 1641 857 1706 aliud
881 1639 1079 1704 ‘adnuntiari‘
1102 1638 1188 1702 aliud
1207 1642 1292 1703 ‘cum

138 1748 295 1811 uenturus
320 1750 416 1810 esset'
440 1747 528 1811 aliud
551 1753 635 1812 ‘cum
659 1748 823 1814 uenisset‘.
1149 1803 1155 1832 ,

16 1846 91 1909 sse
184 1852 279 1916 Nunc
310 1851 423 1918 deinde
455 1853 633 1930 uideamus,
666 1854 759 1937 quale
793 1855 845 1930 eit,
879 1853 964 1935 quod
996 1854 1026 1918 in
1062 1853 1201 1937 epistula
1237 1855 1294 1916 tua

140 1959 297 2040 sequitur.
326 1958 472 2024 adiecisti
499 1959 583 2024 enim
611 1979 666 2025 eos
695 1960 809 2038 dicere,
839 1961 924 2042 quod
953 1959 1072 2025 Christi
1099 1956 1294 2040 praedicatio

94 2068 239 2147 ibatque
261 2065 472 2131 doctrinarei
494 2067 641 2150 publicae
664 2067 806 2132 moribus
831 2066 919 2131 nulla
943 2086 978 2130 er
1001 2069 1089 2149 parte
1115 2063 1293 2140 conueniat,

143 2174 236 2238 cuius
259 2173 320 2238 hoc
345 2176 467 2238 constet
490 2193 560 2239 esse
582 2177 797 2258 praeceptum,
816 2177 859 2262 ‘ut
881 2174 961 2238 nulli
985 2174 1104 2237 malurn
1130 2191 1185 2254 pro
1208 2171 1294 2234 malo

141 2278 275 2346 reddere
303 2280 474 2344 debeamus
503 2285 535 2346 et
561 2280 752 2364 percutienti
781 2281 875 2345 aliam
904 2280 1050 2365 praebere
1078 2278 1237 2344 maxillam
1263 2279 1296 2339 et

143 2387 279 2470 pallium
298 2387 371 2452 dare
390 2388 428 2466 ei,
450 2388 504 2470 qui
522 2389 664 2453 tunicam
683 2389 804 2452 auferre
823 2388 1007 2470 perstiterit,
1028 2391 1060 2451 et
1079 2407 1151 2452 eum
1171 2405 1219 2465 eo,
1239 2383 1296 2468 qui

144 2514 203 2560 nos
223 2495 384 2580 angariare
403 2496 613 2572 uolue1·it‚ire
632 2495 744 2560 debere
759 2496 862 2578 spatio
881 2495 1004 2560 itineris
1024 2495 1194 2576 duplicato,
1214 2513 1294 2576 quae

97 2601 254 2666 adomnia
279 2601 325 2664 rei
351 2601 497 2683 publicae
524 2603 665 2666 moribus
698 2601 886 2666 adseruntur
919 2621 989 2666 esse
1013 2602 1178 2666 contraria.
1212 2602 1295 2664 ‘nam

144 2708 239 2790 quis‘.
256 2707 416 2790 inquiunt,
435 2709 516 2772 ‘tolli
535 2709 597 2773 sibi
617 2710 654 2773 ab
674 2710 766 2774 hoste
782 2709 902 2791 aliquid
916 2709 1054 2791 patiatur
1069 2708 1121 2772 uel
1136 2709 1294 2771 Romanae

143 2813 327 2897 prouinciae
345 2814 624 2896 depraedatoribus
643 2836 704 2879 non
723 2817 807 2881 mala
826 2816 905 2879 uelit
923 2815 998 2880 belli
1022 2815 1090 2879 iure
1113 2812 1296 2896 reponere?

238 3007 343 3059 14-22
362 3030 396 3050 =
415 3023 441 3074 p.
461 3007 504 3072 95,
523 3006 612 3060 e-re

184 3132 197 3183 1
218 3129 314 3183 itidem
331 3146 387 3184 roe.
411 3146 445 3184 ea
467 3129 571 3184 ntidem
590 3130 617 3182 P
637 3130 739 3183 ididem
757 3130 780 3183 I
800 3130 872 3183 idem
892 3129 952 3184 edd.
975 3136 1086 3198 praeter
1105 3147 1124 3182 c
1206 3143 1294 3196 posse,

143 3235 180 3275 os.
201 3219 377 3289 2possetP
446 3221 578 3272 mutantis
597 3223 620 3284 (e
638 3237 673 3272 ni.
693 3220 762 3273 din
780 3223 847 3286 rae.)
866 3220 901 3272 M
917 3221 1053 3272 mutantes
1072 3218 1102 3272 D
1168 3219 1295 3286 tepore,

143 3327 180 3362 m.
201 3312 221 3361 2
239 3325 319 3378 opere
338 3307 374 3360 M
466 3308 644 3378 dispositione
663 3313 709 3375 (ω
728 3311 809 3374 cros.)
830 3309 857 3362 P
875 3306 1065 3378 dispotionem,
1084 3325 1119 3360 m.
1139 3310 1159 3360 2
1179 3305 1294 3374 disposi-

143 3399 221 3451 tione
239 3396 273 3449 H
351 3397 564 3466 disputationem
584 3397 618 3450 H
705 3398 875 3452 3continnet
892 3397 926 3451 Η
943 3401 1071 3451 contenet
1089 3395 1116 3450 R
1203 3394 1293 3462 simul]

143 3485 314 3541 simulataI
374 3487 551 3554 borspectat
568 3485 596 3540 R
668 3486 755 3554 uobis,
773 3503 807 3538 m.
828 3491 848 3540 2
866 3484 944 3538 nobis
964 3485 997 3538 H
1054 3483 1174 3554 bquod]
1197 3499 1248 3551 quo
1268 3482 1298 3536 Ε

143 3577 192 3641 (m.
211 3576 232 3627 2
254 3573 337 3642 quod)
355 3572 383 3627 R
473 3574 566 3643 quam]
591 3573 685 3643 quaI
771 3576 808 3627 sit
830 3574 936 3642 negotii
961 3573 1019 3626 edd.
1112 3571 1299 3642 lpoteestI

182 3662 321 3716 suffecerit
342 3661 378 3714 H
396 3661 407 3732 (
435 3703 442 3715 .
466 3667 486 3717 2
508 3662 650 3730 sufficerit)
673 3663 712 3716 M
731 3667 774 3732 (ex
798 3663 929 3716 sufficerit
950 3669 983 3716 ut
1005 3662 1075 3728 uid.)
1100 3661 1232 3715 sufficerit
1249 3661 1296 3714 la

143 3753 285 3808 sufficeret
302 3751 389 3805 ΗΕΒ
443 3753 459 3805 8
478 3752 652 3821 pronuntiare
670 3753 748 3807 ERI
763 3751 934 3822 pronuntiari
953 3752 982 3805 D
1032 3753 1048 3804 9
1068 3752 1129 3804 aliis
1149 3767 1209 3814 om,
1229 3767 1250 3804 e.
1266 3767 1294 3804 so.

144 3839 214 3896 odd.
232 3840 261 3893 D
342 3840 503 3894 adnuntiare
521 3840 573 3894 DI
662 3842 695 3894 10
714 3841 842 3910 compuli,
862 3859 895 3896 m.
916 3845 934 3894 3
954 3839 1085 3910 compulit
1103 3838 1136 3892 H
1153 3838 1301 3908 copulitI

181 3932 283 3984 mntmi
303 3929 357 3984 ER
413 3930 443 3984 11
464 3932 640 4000 pronuntiare
654 3931 710 3986 ER
761 3933 793 3986 13
812 3930 980 3984 uidemusD
1034 3928 1117 3997 quod]
1138 3926 1206 3981 illud
1223 3925 1296 3996 quod

142 4020 373 4090 tuaproceres
438 4020 471 4072 16
490 4021 655 4088 constatP;
673 4021 708 4087 cf.
727 4038 754 4088 p.
777 4023 862 4084 95,8
928 4019 960 4072 18
979 4017 1138 4088 palleumI
1218 4033 1296 4085 prae·

143 4111 251 4163 stiterit
268 4109 321 4163 DI
372 4108 405 4161 19
425 4107 574 4178 duplIeatio
592 4108 621 4163 R
674 4110 709 4163 20
728 4107 902 4178 republicae
921 4106 949 4161 R
1008 4107 1040 4159 21
1061 4105 1189 4175 inquiunt
1208 4104 1296 4158 latmi

142 4203 213 4266 (rae.
236 4197 398 4263 7-81.)I
503 4199 633 4267 patiatur,
657 4198 687 4250 in
705 4213 791 4266 maro.
816 4196 1028 4266 permittatan
1117 4195 1150 4248 22
1171 4193 1251 4248 uellit
1268 4194 1296 4249 R

182 4303 313 4356 reponere
332 4288 364 4339 ia
376 4286 437 4355 fine
450 4302 517 4355 pap.
537 4303 588 4339 om.
608 4285 629 4338 I
