3092 4959
529 377 799 446 epistularum
825 377 903 434 CXL.
1228 385 1289 448 157

138 570 199 634 hac
221 571 291 634 uita
313 571 449 653 incipere
473 572 674 638 necessitatis
699 577 758 651 est,
783 573 814 637 in
839 593 876 638 ea
903 575 1072 656 persistere
1103 575 1289 642 uoluntatis.

137 676 171 739 in
198 676 258 740 hac
287 678 403 760 quippe
431 698 467 742 er
495 683 584 743 utero
613 680 723 744 matris
751 679 855 744 infans
884 681 1037 758 funditur,
1068 681 1162 746 liuius
1196 683 1291 746 offen·

139 783 257 859 siones,
277 788 431 865 quantum
454 788 572 866 potest,
591 787 720 870 refugit,
741 787 837 850 huius
857 787 979 869 appetit
998 789 1192 870 uoluptates,
1212 789 1292 854 nihil

140 890 278 972 amplius
304 892 399 955 uniet.
428 891 484 955 sed
507 899 715 975 posteaquam
738 895 863 957 uenerit
886 895 916 958 in
943 901 1089 972 aetatem,
1114 916 1176 978 que
1198 896 1228 960 in
1255 916 1290 960 eo

105 1019 119 1058 e
139 997 271 1061 rationis
290 1017 369 1062 usus
389 999 531 1081 euigilet,
550 1001 669 1081 poterit
686 1000 795 1064 adiuta
815 1001 969 1066 diuinitus
990 1002 1156 1067 uoluntate
1175 1003 1292 1088 eligere

139 1104 271 1166 alteram
306 1105 416 1181 uitam,
445 1107 536 1170 ouius
568 1109 600 1170 in
632 1111 737 1171 mente
771 1107 923 1190 gaudium
957 1113 1016 1185 est,
1046 1111 1137 1174 cuius
1170 1109 1293 1174 interna

140 1214 236 1292 atque
260 1215 386 1276 aeterna
408 1212 556 1276 felicitas.
579 1213 664 1277 inest
692 1214 808 1295 quippe
837 1213 957 1277 homini
987 1216 1091 1280 anima
1118 1216 1292 1295 rationalis,

140 1317 198 1381 sed
223 1318 366 1394 interest
391 1319 533 1384 eiusdem
556 1322 688 1385 rationis
711 1339 805 1386 usum
832 1339 968 1403 quonam
996 1324 1103 1404 potius
1127 1323 1293 1388 uoluntate

140 1429 316 1502 conmutat,
345 1431 451 1490 utrum
480 1427 517 1490 ad
546 1427 629 1491 bena
656 1428 818 1493 exterioris
843 1432 875 1492 et
903 1429 1059 1494 inferioris
1088 1449 1125 1493 an
1150 1431 1189 1493 ad
1212 1430 1295 1494 bona

93 1552 119 1589 m
139 1532 300 1596 interioris
337 1534 573 1614 superiorisque
610 1538 750 1612 naturae,
788 1535 820 1598 id
858 1539 918 1614 est,
951 1539 1058 1600 utrum
1097 1541 1134 1601 ut
1171 1537 1295 1601 fruatur

141 1657 272 1721 corpore
295 1642 328 1703 et
349 1642 501 1720 tempore.
521 1659 558 1703 an
583 1644 620 1704 ut
642 1641 766 1705 fruatur
790 1641 956 1706 diuinitate
980 1644 1073 1724 atque
1097 1643 1230 1707 aeternit
1251 1645 1293 1706 te.

140 1747 173 1808 in
197 1745 334 1826 quadam
357 1746 475 1829 quippe
499 1747 669 1811 medietate
692 1748 798 1829 posita
822 1753 871 1812 est
894 1749 976 1812 infra
995 1767 1028 1812 se
1048 1748 1166 1812 habens
1186 1767 1293 1832 corpo·

141 1853 241 1916 ralem
264 1855 441 1916 creaturam
466 1871 563 1935 supra
586 1873 620 1916 se
638 1860 744 1916 autem
770 1855 820 1918 sui
846 1861 877 1917 et
901 1855 1040 1938 corporis
1065 1861 1247 1921 creatorem.

186 1959 300 2023 Potest
320 1959 420 2043 igitur
442 1961 547 2023 anima
570 1960 733 2025 rationalis
757 1962 854 2024 etiam
883 1961 1050 2043 temporali
1079 1966 1111 2025 et
1139 1963 1293 2044 corporati

95 2083 124 2125 re
141 2065 296 2130 felicitate
314 2067 394 2129 bene
412 2067 471 2139 uti,
487 2067 515 2132 si
533 2085 596 2131 non
615 2085 651 2130 se
670 2067 792 2132 dederit
808 2071 968 2131 creaturae
984 2070 1123 2133 creatore
1137 2067 1293 2151 neglecto,

142 2173 201 2236 sed
232 2191 301 2235 eam
334 2173 442 2254 potius
478 2174 664 2238 felicitatem
698 2175 810 2238 fecerit
847 2175 964 2238 seruire
999 2175 1141 2252 creatori,
1175 2175 1228 2257 qui
1263 2179 1295 2238 et

140 2281 244 2361 ipsam
274 2299 352 2344 suae
377 2281 529 2344 bonitatis
558 2281 833 2345 abundantissima
860 2282 1007 2366 largitate
1037 2281 1176 2347 donauit.
1210 2283 1297 2346 sicut

142 2387 228 2451 enim
255 2386 338 2451 bona
366 2391 442 2450 sunt
468 2388 583 2464 omnia,
609 2408 688 2470 quae
717 2389 838 2453 creauit
866 2389 956 2465 deris,
986 2389 1023 2452 ab
1052 2389 1122 2470 ipsa
1149 2387 1295 2451 rationali

143 2496 289 2557 creatura
307 2513 409 2574 usque
432 2495 471 2556 ad
493 2495 638 2559 intimum
663 2513 788 2576 corpus,
809 2495 853 2558 ita
876 2495 954 2558 bene
978 2495 1009 2557 in
1035 2494 1084 2558 his
1104 2494 1171 2578 agit
1190 2495 1296 2558 anima

95 2617 124 2656 ιο
143 2599 318 2676 rationalis,
334 2601 363 2664 si
382 2600 521 2664 ordinem
542 2607 650 2665 seruet
663 2606 695 2664 et
710 2601 945 2683 distinguendo,
962 2601 1116 2684 eligendo,
1132 2600 1296 2681 pendendo

143 2707 263 2770 subdat
304 2707 426 2772 minora
467 2708 648 2784 maioribus,
686 2708 861 2790 corporalia
903 2707 1112 2788 spiritalibus
1149 2706 1298 2770 inferiora

143 2813 374 2897 superioribus,
402 2814 589 2896 temporalia
616 2815 828 2896 sempiternis
857 2832 894 2877 ne
923 2814 1119 2894 superiorum
1149 2813 1296 2895 neglectu

144 2923 179 2985 et
205 2921 350 3004 appetitu
378 2921 572 2998 interiorum,
601 2921 749 3003 quoniam
778 2921 850 2983 hino
879 2919 916 2982 fit
943 2919 1013 3001 ipsa
1037 2919 1182 2996 deterior,
1207 2923 1239 2982 et
1263 2938 1295 2982 se

144 3033 178 3092 et
200 3047 317 3110 corpus
340 3046 434 3091 suum
460 3028 567 3091 mittat
587 3027 619 3090 in
646 3029 749 3110 peius.
776 3027 831 3090 sed
858 3027 968 3108 potius
996 3024 1138 3089 ordinata
1167 3026 1297 3088 caritate

97 3147 125 3187 ²³
145 3153 182 3198 se
206 3139 238 3198 et
261 3153 376 3216 corpus
401 3153 493 3198 suum
519 3136 683 3198 conuertat
705 3134 735 3196 in
760 3133 885 3198 melius.
910 3152 980 3195 cum
1002 3131 1085 3196 enim
1105 3133 1169 3195 sint
1188 3149 1298 3195 omnes

145 3241 345 3306 substantiae
369 3241 554 3304 naturaiiter
574 3240 685 3316 bonae,
711 3239 786 3303 ordo
810 3239 841 3302 in
866 3240 911 3303 eis
936 3239 1084 3303 laudatus
1116 3239 1298 3316 honoratur,

145 3348 340 3431 peruersitas
363 3349 491 3429 culpata
514 3346 690 3410 damnatur.
714 3367 771 3410 nec
797 3347 893 3410 eifioit
918 3346 1020 3410 anima
1039 3365 1186 3426 peruerse
1206 3349 1298 3408 utens

185 3571 477 3626 luoiuntaseiuG
566 3573 700 3627 tueor
798 3571 1011 3642 oti'ensiono}O
1102 3571 1300 3640 3appctatO

147 3661 331 3732 5in1uigilet
352 3661 375 3715 0
447 3661 601 3716 ifelicitas
621 3670 635 3715 e
655 3665 727 3715 inest
750 3663 775 3714 Τ
859 3662 960 3714 homini
981 3660 1124 3714 racionalis
1143 3661 1185 3712 nis
1205 3659 1253 3712 sed
1276 3659 1303 3712 T

147 3751 166 3803 8
184 3768 235 3803 usu
255 3767 372 3820 quonam
391 3753 482 3821 potius
500 3751 671 3804 uoluntatem
690 3752 750 3803 edd.
843 3751 876 3803 lo
896 3751 1076 3818 superiorisue
1099 3749 1124 3802 G
1208 3755 1299 3801 utrum

147 3843 191 3912 ut]
211 3843 302 3894 utrum
325 3839 352 3893 T
397 3842 429 3895 16
449 3857 507 3893 earn
527 3857 593 3909 ras,
606 3841 669 3907 suit
687 3838 815 3892 etiamL
859 3840 891 3892 17
911 3837 1018 3907 largite,
1038 3856 1071 3891 m.
1093 3836 1299 3905 2largitateL

150 3931 184 3984 18
202 3931 303 3998 eresui,
322 3947 356 3986 m.
376 3934 397 3984 2
414 3930 517 3982 creauit
535 3929 562 3982 L
636 3929 668 3980 19
688 3929 746 3996 agit-
765 3929 855 3980 anima
875 3928 1021 3987 rationulis¹
1036 3929 1063 3980 in
1083 3927 1125 3980 his
1148 3927 1173 3979 G
1193 3927 1251 3994 agit
1270 3926 1297 3977 in

147 4021 192 4073 his
211 4020 302 4072 anima
319 4018 461 4072 rationalis
477 4018 503 4070 Τ
519 4017 578 4070 edd.
629 4018 663 4070 20
682 4016 823 4069 rationalis
844 4017 905 4084 (alis
923 4017 954 4069 in
971 4033 1027 4069 ras.
1047 4033 1081 4068 m.
1100 4019 1132 4067 ut
1151 4015 1208 4066 uid.
1230 4015 1259 4082 2)
1274 4013 1301 4065 L

148 4109 183 4162 21
202 4109 308 4161 maiora
325 4106 474 4162 minoribus
496 4106 522 4160 θ
576 4108 611 4159 22
629 4105 767 4174 neglectu,
786 4124 820 4158 m.
841 4109 860 4158 2
879 4107 1003 4172 neglecto
1023 4105 1049 4157 L
1109 4103 1142 4157 24
1161 4104 1190 4156 in
1210 4103 1297 4172 peius]

147 4197 267 4267 impetus
290 4195 314 4248 O
393 4198 428 4250 25
446 4197 502 4250 sint
521 4212 614 4249 omnes
633 4196 683 4256 bis,
704 4195 822 4248 alteram
841 4195 892 4247 del.
915 4195 940 4246 Τ
1011 4195 1044 4246 27
1066 4193 1220 4262 damnatur]
1239 4194 1301 4245 lau-

149 4288 232 4340 datur
254 4284 280 4338 G
