3092 4959
502 381 771 453 epistularum
800 379 931 436 CXLVII.
1229 387 1293 451 331

136 594 195 640 nec
217 578 251 640 te
273 579 412 652 moneat,
436 576 521 659 quod
545 595 564 640 a
586 576 777 658 quibusdam
801 577 907 642 minus
937 577 1133 644 considerato
1163 577 1294 644 dicitur:

137 681 225 761 Quid
246 685 324 746 tunc
347 681 503 747 ridebunt
525 682 611 748 oculi
638 685 831 766 corporales,
855 682 998 748 siricum
1026 703 1087 750 non
1116 684 1294 750 uidebant?

136 807 176 852 an
199 788 281 853 forte
305 787 391 852 caeci
415 796 508 853 erunt
531 789 584 853 uel
608 789 676 854 sine
699 808 797 854 cause
820 793 932 855 erunt?
957 809 1058 874 neque
1083 791 1169 856 enim
1187 792 1295 856 adten-

137 894 229 972 dunt,
253 894 308 977 qui
330 895 408 959 haec
426 894 614 977 loquuntur,
637 895 723 978 quia,
747 895 775 960 si
795 914 857 960 nou
877 900 970 961 erunt
989 915 1130 980 corpora,
1154 897 1295 982 proiecto

102 999 186 1064 silli
202 998 297 1092 'oculi
319 1019 381 1064 non
406 1008 498 1066 erunt
521 1002 714 1084 corporalcs3
746 1002 774 1066 si
798 1007 904 1068 autem
935 1008 1027 1068 erunt
1055 1022 1195 1087 corpora,
1225 1005 1294 1082 crit,

137 1105 224 1188 quod
247 1105 357 1171 uidere
380 1107 506 1190 possint
530 1108 614 1174 oculi
638 1109 828 1192 corporales.
852 1109 909 1174 sed
927 1109 1006 1174 haec
1024 1109 1088 1174 iam
1108 1110 1187 1176 satis
1211 1109 1297 1175 dicta

136 1213 213 1292 sint,
247 1233 328 1298 quae
357 1214 396 1279 ab
424 1215 514 1280 initio
547 1214 645 1280 huius
677 1215 828 1299 opusculi
859 1216 923 1280 nrei
956 1215 1125 1300 diligenter
1150 1217 1235 1282 lecta
1264 1220 1296 1282 et

135 1319 257 1384 relecta
282 1320 486 1387 considerans
510 1321 578 1388 sine
597 1322 664 1387 ulla
680 1321 817 1388 fortusse
841 1321 1039 1388 dubitatione
1062 1323 1237 1407 perspicies
1256 1323 1296 1388 ad

134 1426 313 1491 uidendum
346 1427 442 1493 deum
473 1447 529 1511 per
561 1427 630 1492 eius
663 1429 816 1494 auxilium
850 1447 904 1494 cor
935 1429 1090 1494 mundum
1119 1433 1151 1494 to
1182 1429 1296 1494 debere

89 1555 118 1596 so
135 1552 332 1616 praeparare.
356 1533 395 1599 do
415 1553 545 1616 corpore
564 1553 640 1600 uero
660 1535 807 1617 spirituli,
832 1535 859 1600 si
880 1535 1027 1600 dominus
1046 1535 1174 1611 iuuerit,
1200 1555 1293 1619 opere

136 1641 201 1706 alio
225 1641 432 1724 experiemur,
457 1641 534 1724 quid
553 1640 715 1724 disputare
740 1643 917 1708 ualeamus.

232 1830 267 1885 10
285 1831 319 1884 de
338 1831 389 1886 cin.
409 1830 454 1885 dei
472 1831 551 1886 XXII
569 1833 604 1886 29

174 1955 267 2024 2qni,
285 1973 321 2009 m.
342 1959 360 2009 4
381 1955 417 2024 (?)
436 1971 504 2010 corr.
526 1955 592 2026 quid
609 1955 641 2010 F
656 1955 774 2026 quodO
838 1956 959 2012 carnales
982 1955 1059 2010 TOL
1128 1957 1151 2009 si
1170 1972 1222 2010 om.
1241 1952 1292 2008 TO

135 2043 221 2098 3uel
240 2041 309 2114 sine]
329 2043 375 2098 uel
394 2045 440 2114 qui
459 2045 519 2098 sine
537 2043 564 2097 L
636 2047 735 2114 4qus.
753 2061 789 2098 m.
808 2049 824 2098 1
842 2061 912 2100 corr.
932 2046 996 2114 quia
1015 2045 1052 2100 Μ
1127 2043 1292 2111 nonerunt]

135 2137 283 2200 nonerunt,
301 2148 371 2187 corr.
390 2149 444 2187 non
463 2137 544 2188 erunt
561 2132 596 2187 Η
679 2133 801 2202 proiecto
819 2151 873 2188 non
893 2137 973 2189 eruut
991 2133 1032 2188 illi
1053 2134 1124 2188 oculi
1143 2131 1296 2212 corporales

135 2237 183 2274 ae
200 2237 251 2275 uec
268 2221 311 2276 illi
329 2221 482 2291 corporales
500 2222 625 2292 proiecto
644 2221 717 2276 oculi
736 2226 816 2276 eruut
827 2223 850 2290 f
857 2223 927 2277 lrm
986 2226 1002 2278 5
1017 2229 1083 2292 port
1101 2222 1143 2276 illi
1161 2237 1219 2276 ras.
1238 2224 1257 2274 3
1276 2221 1294 2278 l.

132 2313 196 2376 (eor
214 2307 241 2376 i)
261 2315 288 2364 et
305 2309 378 2364 oculi
394 2311 428 2364 irs
445 2325 502 2364 rac.
520 2326 556 2364 m.
575 2313 590 2362 1
607 2309 639 2364 F
748 2327 802 2364 non
822 2311 913 2378 eruut]
934 2315 1079 2377 nonerunt,
1097 2327 1132 2364 m.
1153 2316 1185 2364 ut
1201 2307 1261 2363 reid.
1280 2311 1296 2360 1

137 2413 210 2452 corr.
229 2415 283 2452 nou
303 2403 383 2452 erunt
399 2397 435 2452 H
563 2399 625 2470 erit]
646 2403 725 2454 eruut
742 2399 865 2454 HMFA
884 2405 913 2453 er
934 2405 979 2466 (u
999 2415 1078 2454 eroso
1095 2417 1131 2454 m.
1151 2403 1171 2454 2
1189 2400 1252 2466 erit)
1270 2398 1298 2452 P

136 2489 156 2540 8
175 2486 280 2540 relecta
296 2490 322 2555 (e
335 2493 409 2556 post.
430 2503 464 2541 ec
481 2503 552 2543 corr.
570 2504 604 2540 nr
624 2490 655 2550 3,-
669 2488 768 2556 fuitne
785 2488 795 2540 i
814 2486 839 2554 ,9)
858 2486 889 2540 F
976 2487 1143 2557 perspiciens
1165 2486 1216 2542 TO
1234 2502 1296 2556 per·

132 2575 252 2645 spicio-s
271 2579 299 2641 (n
318 2592 389 2630 erus.
407 2573 434 2643 ,7)
452 2575 480 2629 Ρ
540 2577 638 2645 9post
655 2576 736 2630 deum
749 2593 848 2646 pomo
864 2591 923 2631 ras.
943 2576 970 2630 P
1048 2577 1077 2628 ll
1100 2575 1210 2646 explicit
1227 2573 1298 2628 liber

133 2664 230 2718 sancti
253 2664 374 2733 agustini
397 2663 430 2718 dc
454 2663 575 2718 uiuendo
599 2663 679 2718 deum
703 2664 738 2718 sd
765 2665 905 2735 paulinum
929 2663 1107 2718 clarissimam
1133 2663 1156 2717 O
1183 2662 1296 2732 explicit

135 2752 211 2806 hier
233 2753 321 2807 sancti
344 2753 485 2822 augustini
509 2753 543 2808 de
565 2752 685 2806 uidendo
710 2753 761 2807 deo
779 2753 807 2806 L
830 2753 943 2823 explicit
961 2753 1081 2824 epistula
1099 2751 1187 2806 sancti
1206 2768 1292 2820 sugu-

132 2842 207 2897 stini
225 2839 260 2894 sd
277 2840 417 2911 paulinam
435 2841 470 2894 de
488 2840 608 2895 uidendo
628 2840 679 2895 deo
698 2841 764 2895 ΗΜ
783 2845 845 2910 (om.
865 2843 964 2909 sancti)
984 2841 1039 2895 FP
