3092 4959
261 415 325 480 616
617 415 644 467 S.
672 377 811 468 Aureli
840 415 1057 483 Augustini

259 608 339 671 deus
373 612 431 671 est.
463 608 535 672 ideo
568 608 613 672 ibi
645 608 802 673 mirabilis
835 609 1026 693 simplicitas
1059 608 1308 684 commendatur,
1338 612 1412 692 quia

260 734 321 779 nou
350 716 394 780 ibi
423 716 509 780 aliud
540 721 683 781 estesse
708 717 795 780 aliud
822 717 1009 801 intellegere
1032 717 1086 781 uel
1109 717 1138 782 si
1161 717 1239 799 quid
1262 717 1350 782 aliud
1374 718 1412 780 de

261 823 310 886 dei
343 827 456 887 nature
488 823 618 899 dicitur;
654 826 758 888 anima
790 844 865 888 nero
900 826 975 907 quia
1012 829 1072 896 est,
1110 825 1208 888 etiam
1242 823 1318 889 dum
1351 844 1411 888 ncn

259 929 428 1013 intellegit,
459 928 546 992 eliud
576 934 635 1007 est,
665 930 750 1011 quod
780 935 840 1007 est,
869 931 966 1006 aliud,
997 930 1082 1012 qnod
1105 931 1276 1014 intellegit.
1299 930 1411 994 deiude

260 1036 332 1117 quie
361 1037 477 1100 audeat·
505 1035 608 1102 dicere
636 1041 760 1118 patrem
789 1056 848 1102 nen
877 1037 1064 1120 intellegere
1089 1037 1333 1120 perseipsum
1357 1038 1412 1103 sed
1440 1054 1452 1094 a

259 1161 315 1224 per·
333 1142 445 1219 lilium,
470 1143 555 1207 sieut
574 1143 725 1208 memoria
745 1163 806 1207 non
831 1143 991 1228 intellegit
1013 1165 1070 1228 per
1093 1165 1128 1210 se
1151 1147 1253 1227 ipsam
1279 1147 1335 1210 sed
1359 1165 1414 1229 per

259 1249 459 1314 intellectum
480 1250 531 1313 uel
552 1251 658 1332 potins
678 1251 783 1314 anima
801 1251 881 1333 ipsa,
898 1252 949 1315 cui
967 1252 1045 1316 haec
1063 1253 1182 1332 insunt,
1197 1273 1255 1336 per
1273 1252 1411 1317 intellec·

259 1359 328 1419 tum
343 1360 466 1420 tantum
483 1358 577 1420 modo
597 1357 765 1440 intellegit,
787 1359 873 1422 sicut
894 1378 950 1440 per
967 1359 1153 1424 memoriam
1172 1364 1300 1424 tantum
1319 1359 1411 1424 modo

259 1463 407 1527 meminit
421 1467 452 1528 et
462 1483 518 1546 per
532 1465 731 1528 uoluntatem
748 1469 873 1528 tantum
890 1465 983 1528 modo
999 1468 1092 1530 nult?
1108 1465 1146 1530 ad
1161 1467 1222 1531 boc
1238 1485 1313 1550 ergo
1327 1467 1411 1530 adbi-

260 1570 353 1634 betur
366 1570 430 1634 iste
444 1571 633 1646 similitudo,
650 1576 687 1634 ut
701 1590 829 1652 quoquc
844 1571 938 1636 modo
952 1573 1169 1656 intellegatur,
1184 1592 1278 1655 quem
1295 1573 1333 1636 ad
1349 1591 1411 1636 mo
1429 1593 1451 1628 u

190 1719 193 1724 -
260 1677 336 1740 dum
351 1678 464 1741 borum
477 1678 572 1740 trium
584 1678 614 1740 in
627 1678 814 1742 animasum
830 1678 957 1762 singula
970 1679 1100 1743 nomina
1113 1679 1328 1757 enuntiantur,
1343 1679 1411 1761 qni·

259 1784 319 1847 bus
340 1784 448 1848 eadem
469 1784 596 1866 singula
615 1785 882 1862 demonstrantur,
907 1789 1012 1849 tamen
1032 1785 1282 1868 unumquodque
1300 1804 1411 1850 nornen

260 1890 309 1954 bis
337 1890 440 1955 tribus
471 1891 714 1974 cooperantibus
743 1895 935 1968 enuntiatur,
964 1910 1038 1956 curn
1067 1895 1100 1957 et
1125 1892 1359 1956 reminiscendo
1381 1903 1413 1956 et

259 1997 472 2081 intellegendo
505 2005 538 2062 et
569 1999 706 2062 nolendo
741 1998 868 2076 dieitur,
901 1999 947 2061 ita
975 1999 1095 2062 nullam
1123 2018 1195 2064 esse
1224 2002 1411 2074 creaturam,

260 2122 320 2184 qua
341 2104 394 2166 uel
414 2083 502 2168 solus
522 2106 613 2187 pater
631 2105 685 2167 uel
709 2105 798 2168 solus
822 2103 908 2167 filius
932 2104 986 2168 uel
1010 2105 1099 2170 solus
1123 2105 1259 2186 spiritus
1282 2109 1411 2169 sanctus
1429 2119 1451 2156 1³

260 2209 504 2286 demonstretur,
538 2229 631 2292 qnam
661 2230 721 2274 uon
751 2210 850 2274 simul
878 2211 1003 2274 trinitas
1034 2217 1192 2295 operetur,
1223 2231 1306 2294 quae
1333 2212 1412 2275 inse

258 2317 442 2398 perutiliter
461 2321 619 2398 operatur,
644 2336 679 2380 ac
700 2337 756 2398 per
773 2318 834 2381 hoo
857 2336 916 2381 uec
935 2333 1047 2380 uocem
1071 2319 1171 2398 patris
1195 2337 1254 2384 nec
1277 2318 1412 2382 animem

259 2425 291 2486 et
315 2441 440 2488 earnem
464 2424 521 2487 filii
546 2443 604 2488 uec
629 2423 809 2487 columbum
835 2423 967 2506 spiritus
992 2423 1094 2487 sancti
1117 2443 1189 2488 esse
1212 2425 1331 2489 iactam
1354 2425 1412 2488 nisi

259 2529 368 2593 eadem
393 2535 582 2612 cooperante
606 2531 758 2596 trinitate.

214 2632 231 2695 7
301 2635 369 2700 Nec
394 2655 468 2700 sane
492 2657 589 2702 sonus
613 2637 668 2701 ille
694 2638 794 2714 urceis,
814 2637 869 2718 qui
893 2637 1042 2701 continuo
1067 2656 1138 2702 esse
1162 2637 1300 2713 destitit,
1324 2657 1413 2719 ceap
1429 2657 1450 2690 e

257 2746 344 2806 tatus
365 2747 415 2808 est
433 2744 636 2809 inunitatem
656 2763 809 2826 personae
829 2745 929 2826 patris
950 2763 1007 2807 uec
1026 2744 1083 2808 illa
1103 2744 1271 2808 columbae
1291 2745 1414 2826 species

258 2852 429 2932 corporalis
459 2856 606 2933 coaptata
634 2853 683 2915 est
710 2852 742 2914 in
772 2851 927 2914 unitatem
955 2869 1109 2932 personae
1138 2851 1272 2932 spiritus
1297 2851 1413 2914 sancti:

258 2975 330 3020 nam
366 2958 434 3040 ipse
468 2979 594 3041 quoque
629 2961 715 3023 sieut
746 2959 848 3022 nubes
881 2958 937 3021 illa
965 2957 1085 3032 lucida,
1118 2976 1199 3039 quae
1230 2957 1358 3039 operuit
1384 2958 1414 3019 iu

257 3067 364 3127 monte
390 3083 463 3128 cum
487 3065 590 3129 tribue
617 3065 785 3146 discipulis
810 3065 1013 3142 saluatorem,
1037 3064 1091 3127 uel
1114 3064 1223 3146 potius
1252 3064 1340 3127 sicut
1363 3061 1414 3126 ille

257 3169 352 3251 ignis,
391 3172 445 3251 qui
484 3173 618 3237 eundem
657 3172 806 3255 spiritum
846 3176 990 3235 sanctum
1029 3169 1272 3245 demonstrauit,
1312 3169 1446 3234 efficies

259 3276 503 3357 significationis
523 3281 656 3361 impleto
678 3299 749 3344 mox
774 3299 845 3342 esse
865 3278 992 3342 desiuit.
1018 3278 1074 3342 sed
1099 3277 1188 3342 solus
1213 3277 1319 3354 bomo,
1342 3277 1412 3360 quia

257 3387 386 3464 propter
421 3387 525 3467 ipsam
564 3391 708 3450 naturam
746 3384 941 3449 liberandam
980 3385 1037 3447 illa
1075 3385 1180 3448 omnia
1217 3383 1347 3450 fiebant.
1384 3385 1411 3446 in

258 3493 413 3556 unitatem
443 3513 595 3576 personae
624 3493 714 3557 uerbi
744 3491 805 3568 dei,
834 3491 894 3556 boc
924 3494 974 3555 est
1001 3491 1086 3554 unici
1116 3491 1175 3554 filii
1203 3491 1255 3554 dei
1278 3489 1411 3554 mirabili

259 3607 291 3664 et
311 3601 464 3683 singulari
484 3601 688 3683 susceptione
709 3604 876 3680 coaptatus
898 3605 948 3663 est
966 3602 1168 3682 permanente
1187 3603 1292 3661 tamen
1319 3596 1410 3660 uerbo

349 3827 382 3878 aa
402 3826 500 3880 naseu.
523 3825 564 3892 rr,
584 3828 612 3886 s;
634 3825 716 3880 unare.
736 3825 761 3892 e,
781 3827 811 3892 o,
833 3824 898 3880 nuc.
918 3827 943 3894 e,
963 3827 998 3879 34
1053 3825 1088 3878 24
1108 3827 1169 3878 net.
1188 3825 1214 3890 2,
1234 3825 1251 3876 a

294 3949 400 4005 2eliud
417 3951 467 4019 est]
484 3951 658 4005 cataliudT
712 3949 1045 4020 quiddelom.aliud)P
1079 3947 1279 4003 3nononr.T
1311 3944 1408 4015 dqnod

261 4070 313 4136 est]
336 4033 415 4136 erlem
435 4067 461 4119 P
560 4065 576 4118 8
596 4066 736 4133 intellegit
754 4066 785 4118 in
803 4066 859 4133 fine
877 4081 905 4118 u.
925 4083 976 4119 om.
996 4064 1023 4117 P
1121 4065 1152 4118 ll
1173 4065 1256 4118 trium
1275 4063 1368 4117 horum
1388 4059 1410 4114 f

263 4157 294 4208 16
315 4161 442 4224 operetur
461 4155 619 4209 trinitasT
674 4156 706 4208 19
726 4159 856 4224 operante
875 4154 902 4207 P
956 4154 990 4207 20
1009 4153 1137 4207 continue
1161 4153 1189 4205 V
1233 4153 1266 4205 21
1288 4165 1407 4222 premonet

260 4243 361 4297 corel*
413 4245 448 4297 22
468 4241 616 4314 corporalis
632 4260 692 4310 om,
711 4259 745 4298 m.
766 4247 781 4294 1
800 4242 909 4294 adul’
962 4243 997 4296 23
1016 4241 1246 4309 illelillalpost.
1266 4239 1396 4296 meet.

260 4331 288 4384 P
341 4333 375 4385 26
396 4332 501 4394 desunt,
520 4349 554 4386 ur.
574 4337 589 4384 1
609 4349 677 4386 corr.
699 4331 801 4384 desinit
819 4329 848 4384 R
867 4329 970 4384 desinit
993 4330 1019 4384 U
1071 4331 1107 4384 27
1126 4331 1219 4383 omnia
1236 4329 1284 4383 illa
1303 4329 1336 4382 Η
