3092 4959
266 433 334 497 502
621 430 648 485 S.
676 430 815 484 Aureli
843 430 1063 500 Augustini

267 625 362 691 huius
385 626 431 692 rei
456 625 687 691 dubitationem
711 646 774 710 quo
794 626 927 692 docente
946 626 1008 691 nisi
1027 627 1226 709 prouidentia
1246 630 1278 692 et
1296 626 1407 690 miseri·

268 732 374 797 cordia
397 732 469 797 dei?

223 838 244 901 5
310 839 378 904 Ista
404 840 582 905 narratione
609 839 724 905 dixerit
751 842 867 924 aliquis
895 844 1002 905 tantae
1030 841 1076 905 rei
1103 859 1161 906 nos
1188 858 1250 904 non
1279 840 1410 905 soluisse

268 945 325 1011 sed
348 946 472 1012 auxisse
493 947 722 1030 quaestionem.
746 952 985 1013 cerumtamen
1004 966 1078 1013 cum
1097 947 1272 1013 hisuerbis
1292 946 1411 1011 credere

267 1055 321 1121 uel
343 1071 405 1117 uon
429 1052 555 1117 credere
577 1053 715 1118 liberum
739 1054 855 1136 cuique
884 1056 934 1135 sit,
963 1054 1127 1138 seipsum
1151 1054 1288 1136 quisque
1313 1052 1446 1128 habeta

267 1178 329 1243 quo
353 1178 388 1223 so
412 1163 534 1236 auocet,
558 1159 841 1242 profundissimam
869 1162 1097 1243 quaestionem.
1126 1164 1159 1225 et
1185 1158 1304 1245 uigilet
1324 1160 1412 1225 horno

267 1269 301 1330 et
327 1264 445 1329 dormit
475 1264 571 1330 homo
604 1264 720 1330 cotidie
748 1269 781 1330 et
809 1266 930 1351 cogitat
961 1266 1068 1331 homo.
1101 1266 1197 1343 dieat,
1230 1264 1316 1329 unde
1344 1264 1413 1329 fiant

266 1372 330 1439 ista
357 1371 475 1436 similia
501 1370 623 1450 formis,
653 1372 772 1436 similia
800 1372 1019 1455 qualitatibus,
1045 1372 1162 1437 similia
1186 1370 1329 1436 motibus
1353 1391 1412 1437 eor·

266 1497 380 1563 porum
404 1496 461 1543 nea
485 1480 590 1543 tamen
608 1480 740 1544 materie
760 1480 926 1563 corporali.
952 1480 1046 1556 dicat,
1072 1480 1099 1544 si
1117 1482 1239 1563 potest;
1265 1479 1412 1543 aientem

266 1605 329 1651 non
357 1589 474 1669 potest,
509 1585 585 1668 quid
614 1604 648 1649 se
675 1586 867 1670 praecipitat
893 1587 931 1652 de
959 1587 1133 1651 rarissimis
1165 1590 1220 1650 aut
1247 1585 1412 1668 inerpertis
1427 1608 1448 1649 a

267 1693 359 1775 quasi
387 1691 550 1758 definitam
577 1694 659 1758 ferre
688 1694 888 1771 seutentiam,
922 1714 996 1759 cum
1024 1695 1173 1758 continua
1201 1697 1234 1757 et
1262 1692 1412 1758 cotidiana

266 1819 328 1865 nou
357 1802 485 1865 soluat?
516 1819 575 1885 ego
604 1803 711 1866 autem
739 1802 899 1884 quamuis,
928 1821 990 1884 quo
1014 1801 1108 1867 modo
1132 1801 1209 1865 liant
1231 1800 1295 1864 ista
1317 1799 1411 1865 ueluti

266 1925 417 1989 corporea
444 1907 513 1971 sine
542 1925 681 1990 corpore,
710 1907 818 1971 uerbis
849 1926 978 1990 prorsus
1007 1908 1163 1989 explicare
1195 1926 1256 1973 nou
1286 1906 1409 1990 possim.

266 2017 374 2078 tamen
398 2013 484 2077 sicut
506 2012 572 2077 scio
597 2032 658 2077 non
678 2031 714 2076 ea
733 2031 863 2094 corpore
886 2011 965 2092 fieri,
988 2014 1111 2077 utinam
1135 2012 1182 2077 sic
1206 2013 1332 2080 scirem.
1355 2030 1409 2094 quo

266 2119 361 2185 modo
385 2118 649 2196 discernerentur,
673 2138 755 2202 quae
777 2118 928 2185 uidentur
951 2119 1119 2201 aliquando
1143 2119 1364 2203 perspiritum
1383 2122 1444 2181 eto

267 2246 323 2309 per
350 2245 465 2310 corpus
493 2224 595 2289 uideri
623 2228 786 2309 putantur.
821 2245 924 2308 quoue
955 2225 1050 2290 modo
1084 2225 1323 2309 distinguantur
1348 2226 1410 2289 uisa

267 2352 386 2411 eorum,
420 2351 501 2415 quos
529 2352 615 2397 error
640 2333 695 2396 uel
725 2332 875 2413 impietas
906 2334 1095 2415 plerumque
1127 2332 1261 2409 deludit,
1294 2330 1409 2415 quando

266 2441 348 2505 uisis
381 2440 505 2523 piorum
542 2442 637 2522 atque
674 2443 856 2504 sanctorum
895 2439 1014 2504 similia
1050 2439 1201 2523 pleraque
1240 2441 1408 2503 narrantur!

268 2566 403 2628 quorum
436 2546 579 2627 exempla
610 2545 639 2609 si
671 2564 918 2610 commemorare
956 2546 1144 2626 noluissem,
1181 2550 1309 2628 tempus
1340 2544 1409 2609 mihi

266 2653 374 2736 potius
399 2672 493 2734 quam
517 2652 608 2735 copia
632 2651 799 2716 defuisset.
829 2671 950 2717 memor
973 2652 1074 2716 nostri
1096 2652 1129 2716 in
1154 2652 1274 2717 domini
1299 2651 1443 2716 miseri-so

267 2760 373 2825 cordia
395 2758 564 2842 negatoris,
589 2758 716 2824 domino
738 2758 924 2823 beatissimo
948 2762 981 2822 st
1003 2758 1193 2823 uenerabilis
1213 2764 1246 2822 et
1264 2758 1407 2823 desidera·

266 2866 340 2931 bilis
363 2866 469 2930 frater.

305 3075 318 3128 l
340 3091 393 3143 quo
413 3072 504 3126 doceri
522 3077 550 3126 te
569 3072 622 3126 nisi
636 3072 725 3127 PP¹S
743 3077 788 3137 (m.
805 3076 824 3127 2
843 3090 895 3142 quo
915 3072 1030 3126 docente
1045 3070 1110 3135 uisi)
1124 3070 1164 3125 1²³
1182 3072 1309 3141 quoniam
1328 3069 1407 3124 duceri

267 3162 732 3227 sesessitlrisesensitecrae.
752 3160 1062 3229 etcorr.,·suioeeuid.
1082 3160 1104 3213 ri
1124 3160 1236 3226 tenisi)
1264 3160 1289 3213 V
1334 3156 1407 3213 ised

268 3253 374 3307 suxisse
393 3268 446 3306 om.
465 3250 504 3304 P²
522 3250 570 3304 sed
588 3251 707 3305 uinxisse
726 3249 819 3305 P¹SV
833 3268 859 3305 m
914 3252 931 3303 6
951 3266 1019 3319 quos
1039 3266 1072 3303 ea
1088 3252 1170 3304 uocet
1188 3248 1212 3304 S
1227 3252 1272 3317 (m.
1293 3252 1312 3303 2
1330 3264 1407 3317 quos

268 3357 297 3394 se
316 3344 424 3406 auocet)
443 3338 484 3393 Ρ3
501 3340 582 3411 (corr.
603 3356 655 3409 quo
674 3357 703 3393 se
723 3344 830 3406 auocet)
895 3338 1108 3409 profundissima
1126 3339 1282 3408 questione
1300 3338 1371 3406 (eico
1388 3334 1410 3387 P

267 3429 507 3499 profundissimam
532 3430 728 3497 quaestionem,
751 3444 787 3481 m.
812 3432 831 3481 2
854 3426 889 3482 ad
912 3426 1151 3499 profundissimam
1174 3429 1361 3497 quaestionem
1378 3424 1408 3478 Ρι

268 3518 304 3573 ad
325 3517 565 3587 profundissimam
588 3518 774 3587 quaestionem
793 3519 816 3585 f
828 3519 838 3571 l
850 3534 866 3571 r
879 3535 906 3571 m
929 3516 1140 3588 profundissima
1163 3518 1289 3586 quaestio
1313 3522 1355 3570 est
1375 3529 1411 3569 cc

267 3609 284 3663 9
303 3608 433 3661 materiae
446 3606 536 3661 PP¹S
553 3612 631 3671 (corn
650 3606 776 3672 materie)
800 3604 863 3660 VP³
882 3622 924 3660 ar
941 3605 1056 3660 materia
1073 3604 1146 3659 P²H
1186 3606 1219 3659 la
1237 3604 1372 3659 dentosa
1389 3602 1412 3656 P

269 3698 304 3751 14
321 3696 533 3750 sieut-utinam
553 3711 603 3749 om.
623 3693 715 3749 P¹SV
784 3696 831 3761 sic,
850 3712 883 3750 uo.
904 3697 924 3748 2
942 3694 964 3746 si
984 3693 1047 3749 ssi
1072 3692 1098 3746 V
1158 3693 1193 3747 20
1212 3710 1316 3747 memor
1332 3692 1411 3748 nostri

268 3802 319 3839 orn.
339 3782 524 3839 PP¹SVHP³
540 3784 600 3837 edd.
