3092 4959
236 391 297 454 188
586 390 611 443 S.
641 390 780 444 Aureli
808 392 1023 460 Augustini

232 581 262 646 in
284 585 437 668 sanguine
457 585 535 664 eins,
557 587 630 668 qnia
647 585 727 650 nihil
745 587 912 668 prodesset
925 606 1010 652 mors
1025 588 1094 653 eius
1109 607 1166 654 nec
1181 588 1377 653 adnuntiare-

232 695 284 754 tur
307 692 424 756 ueritas
449 691 509 757 dei.
535 712 615 774 quae
638 693 728 756 illum
755 693 902 758 continuo
925 698 1175 760 resurrecturum
1199 713 1270 760 esse
1293 713 1376 776 prae

233 798 361 864 dixerat.
388 799 464 880 quid
488 799 548 863 sibi
573 819 647 883 ergo
671 800 752 878 uult,
778 801 862 883 quod
891 801 951 865 hoc
978 803 1048 866 loro
1078 801 1137 866 ait:
1166 802 1214 867 nt
1236 802 1273 866 in
1299 802 1380 884 pul·

233 924 365 968 nerem
391 906 535 970 mortis
560 905 769 970 deduxisti
794 927 862 982 me,
881 907 943 972 nisi
962 926 1077 990 corpus
1097 909 1166 972 eius
1185 907 1380 990 accipiamus

232 1011 411 1087 eeclesiam,
438 1011 468 1074 in
500 1031 562 1094 qua
588 1011 647 1076 illi.
677 1013 732 1095 qui
759 1031 815 1094 pro
843 1014 913 1077 eius
946 1015 1071 1078 numine
1103 1015 1190 1096 passi
1220 1018 1297 1078 sunt
1331 1013 1381 1079 uel
1416 1033 1431 1072 s

232 1117 406 1199 patiuntur,
431 1139 491 1183 non
515 1119 560 1182 ita
583 1121 620 1183 ut
642 1119 711 1202 ipse
735 1120 798 1185 cito
827 1124 1008 1204 resurgunt,
1033 1121 1142 1185 sedin
1171 1121 1285 1186 mortis
1312 1122 1382 1204 pul-

233 1243 339 1289 uerem
361 1224 560 1290 deducuntur
578 1229 653 1290 tunc
673 1227 890 1303 resurrecturi,
910 1246 981 1291 eum
1003 1227 1083 1292 illud
1101 1231 1227 1310 tempus
1248 1228 1382 1305 uenerit,

233 1330 271 1394 de
296 1351 357 1414 quo
386 1332 417 1395 in
446 1333 611 1416 euangelio
636 1333 727 1398 dicit:
752 1332 900 1414 Veniet
922 1333 1028 1411 hora,
1053 1334 1209 1416 quando
1235 1353 1381 1413 omnes,

233 1438 300 1519 qni
330 1443 423 1503 sunt
455 1439 493 1502 in
526 1439 810 1516 monumentis
846 1439 1014 1504 audient
1045 1459 1184 1504 uocem
1217 1441 1312 1504 eius
1345 1443 1382 1503 et

232 1545 474 1627 procedent?
499 1548 554 1609 aut
578 1548 662 1610 certe
686 1545 806 1627 tropice
826 1547 989 1628 puluerem
1008 1547 1120 1611 mortis
1140 1547 1227 1629 ipsos
1246 1547 1381 1611 Iudaeos
1403 1565 1430 1606 ιο

233 1652 377 1735 intellegi
409 1652 523 1726 uoluit,
557 1653 588 1716 in
623 1671 755 1736 quornm
790 1673 902 1716 manus
936 1653 1092 1718 deductus
1125 1656 1188 1727 ectr
1226 1654 1380 1737 scriptum

233 1762 282 1822 est
318 1759 417 1823 enim:
459 1757 541 1823 Non
581 1760 639 1823 sic
676 1759 803 1840 impii.¹
842 1779 914 1824 non
953 1759 1028 1836 sic;
1071 1760 1140 1824 sed
1177 1764 1379 1842 tamquam

232 1865 382 1948 puluis,
408 1885 520 1947 quem
544 1866 698 1948 proicit
721 1869 870 1931 uentus
895 1886 913 1930 a
935 1866 1042 1930 facie
1066 1869 1210 1931 terrae.

100 1967 224 2031 xvlao
279 1972 420 2054 Denique
467 1972 624 2054 sequitur:
673 1971 867 2052 Quoniam
915 1971 1279 2038 circumdederunt
1324 1990 1380 2036 me

234 2097 352 2143 canes
377 2079 508 2156 multi,
529 2079 747 2144 concilium
774 2080 1088 2162 malignantium
1109 2079 1431 2144 circumdedere

233 2188 325 2249 runt
348 2205 415 2262 rna,
440 2190 603 2269 tamquam
631 2187 718 2266 ipsos
748 2184 861 2249 dixerit
887 2187 1052 2268 puluerem
1081 2183 1204 2258 mortis,
1226 2185 1259 2247 in
1287 2203 1381 2267 quem

233 2290 389 2356 deductus
413 2295 472 2357 est.
496 2310 577 2374 qnos
601 2291 679 2355 dixit
702 2310 795 2355 canes
820 2293 939 2356 multos
963 2295 996 2355 et
1018 2291 1189 2355 concilium
1208 2290 1382 2374 malignan-

232 2399 312 2462 tium
346 2418 438 2462 canes
471 2398 623 2462 uidelicet
660 2417 713 2462 eos
750 2398 924 2480 appellans,
958 2397 1011 2480 qui
1048 2396 1236 2480 plerumque
1272 2399 1383 2461 conus

232 2503 415 2570 innocentes
434 2508 560 2582 latrant,
581 2525 653 2569 cum
673 2504 790 2586 quibus
808 2522 869 2568 non
888 2504 1006 2568 habent
1024 2503 1298 2570 consuetudinem.
1316 2501 1382 2566 iam

233 2631 307 2676 uero
335 2613 365 2675 in
394 2612 455 2686 hie,
484 2630 563 2692 quae
592 2610 768 2693 subiungit.
796 2613 959 2692 tamquam
989 2609 1190 2693 euangelium
1217 2609 1380 2673 recitatur.
1402 2633 1431 2672 so

233 2717 392 2784 crucifixio
412 2719 528 2800 qnippe
548 2717 616 2782 eius
637 2717 824 2799 exprimitur
840 2717 872 2780 in
892 2736 939 2793 eo,
960 2716 1044 2798 qnod
1063 2717 1156 2781 dicit:
1174 2715 1383 2780 Foderunt

233 2845 371 2890 manus
396 2844 500 2889 meas
526 2829 563 2888 et
582 2823 703 2908 pedes
723 2843 842 2900 meos,
863 2824 1230 2888 dinumerauerunt
1250 2823 1382 2888 omnia

233 2951 326 2996 ossa
348 2953 444 3004 mea:
471 2932 551 3014 ipsi
577 2949 670 2994 uero
700 2930 1073 2995 consideraueruut
1100 2935 1139 2994 ct
1167 2949 1381 3012 conspere

232 3044 324 3103 runt
352 3058 417 3102 me.
445 3039 551 3102 fossae
579 3039 653 3100 suni
681 3036 762 3100 enim
793 3035 894 3100 clauis
922 3055 1035 3100 manus
1065 3041 1096 3101 et
1124 3035 1220 3117 pedes
1243 3036 1313 3100 eius
1337 3041 1381 3112 et,

233 3165 303 3208 enm
329 3145 547 3210 extenderetur
569 3144 600 3207 in
624 3143 722 3226 ligno,
742 3142 878 3224 quodam
902 3143 997 3206 modo
1021 3147 1185 3207 numerata
1207 3147 1284 3206 suut
1306 3160 1380 3206 ossa
1400 3167 1430 3207 sc

320 3423 412 3477 Slolr.
433 3425 457 3488 5,
477 3422 582 3475 28-29
667 3422 699 3475 12
718 3421 761 3475 Ps.
785 3421 844 3485 1,4
928 3421 961 3474 14
980 3423 1024 3475 Pe.
1044 3421 1087 3484 21,
1109 3422 1142 3474 17
1215 3420 1248 3474 21
1270 3421 1315 3475 Ps.
1335 3421 1379 3486 21,

235 3511 338 3564 17-18

270 3689 280 3740 1
302 3686 429 3756 prodeest
449 3687 524 3753 (sicr)
544 3685 571 3740 R
625 3687 641 3738 3
661 3703 725 3756 ergo
746 3685 798 3739 sibi
817 3687 878 3740 uult
900 3687 993 3740 Tsibi
1013 3686 1074 3739 uult
1093 3703 1157 3754 ergo
1177 3685 1238 3738 edd.
1316 3685 1379 3754 pul·

232 3793 294 3829 uere
313 3775 339 3828 11
413 3776 504 3828 itum
523 3776 589 3841 flor
664 3774 845 3829 8diciiurG
927 3775 990 3828 9in
1010 3774 1192 3828 monumentis
1210 3777 1275 3828 sunt
1294 3773 1383 3827 Gur

231 3865 290 3918 edd.
309 3881 360 3918 ecc.
385 3864 463 3934 Vulp.
520 3866 552 3918 10
571 3867 715 3931 resurgent
735 3864 792 3918 GT
843 3864 938 3917 mortis
956 3881 1008 3918 om.
1030 3863 1086 3917 GT
1140 3862 1382 3917 transitumn

267 3953 444 4007 circumdedit
470 3952 580 4008 ORGT
606 3952 715 4006 obsedit
736 3952 769 4005 N
794 3953 854 4006 edd.
882 3969 933 4006 rec.
962 3953 1040 4022 Vulq.
1068 3951 1209 4021 (Sepiade.
1237 3950 1377 4020 συναγωγὴ

230 4041 444 4112 πονηρευομένων
463 4040 599 4111 περιέσχον
619 4043 660 4110 με)
699 4041 731 4094 16
747 4043 775 4093 et
788 4041 862 4110 ipsos
877 4043 917 4107 (et
931 4047 1003 4108 exp.)
1019 4041 1051 4094 N
1086 4041 1118 4094 18
1131 4038 1261 4093 uidelicet
1274 4038 1339 4092 illos
1356 4037 1382 4090 Τ

231 4147 276 4183 eos
296 4129 424 4183 uidelicet
443 4129 503 4182 edri.
540 4131 574 4181 20
594 4129 627 4181 iis
641 4129 740 4195 sirm
781 4131 812 4182 21
831 4129 942 4183 dicitr'rll!
962 4132 1027 4195 (rus.
1043 4127 1200 4195 1-21.)L
1253 4126 1376 4191 iodemn,

230 4237 264 4270 m.
285 4217 493 4271 2foderuntL
548 4219 695 4272 timenus
715 4219 764 4285 bis,
785 4217 1112 4272 cllcmmm.2dcl.11
1165 4214 1378 4270 meosom.0R

231 4308 264 4360 ‘23
285 4306 479 4366 considerrunt,
500 4324 532 4360 nr.
554 4311 573 4360 2
592 4306 832 4360 considerauerunt
851 4307 876 4359 L
948 4309 1123 4377 inspexerunt
1144 4305 1169 4359 Τ
