3092 4959
284 391 349 456 334
641 391 668 446 S.
696 389 833 445 Aureli
861 389 1082 460 Augustini

285 589 485 669 quiapropter,
509 586 537 650 si
559 585 717 650 uidebunt
738 585 844 662 deum,
868 603 929 649 nou
952 584 1049 649 istius
1073 583 1213 667 eorporis
1240 583 1320 649 oculi
1340 581 1409 646 uide·
1517 581 1519 656 l

283 693 374 769 bunt,
403 693 478 776 qnia
501 698 534 756 ot
555 693 589 756 in
616 693 677 757 hoe
703 711 765 757 non
794 691 854 756 erit
881 692 988 773 ipsum
1017 709 1133 772 eorpus
1160 689 1317 774 usquein
1341 689 1409 752 illam

283 800 351 864 uim
380 799 619 882 potentiamque
645 801 818 876 mutatum,
847 801 880 862 ot
906 817 966 862 nou
992 799 1042 862 est
1064 797 1222 862 contraris
1244 796 1306 862 ista
1326 794 1410 878 opinio

283 906 349 970 illis
372 904 480 970 uerbis
504 904 663 988 epistulae
686 923 785 969 meae.
809 904 837 969 si
856 908 962 969 alutem
986 905 1142 968 hactenus
1161 921 1222 968 non
1243 904 1303 968 erit
1318 903 1411 986 ipsum,

284 1012 360 1094 quin
385 1029 469 1076 nuno
496 1011 630 1076 mortale
657 1015 734 1076 tuno
761 1011 938 1088 inmortale,
972 1028 1055 1074 nune
1088 1009 1267 1094 adgrauans
1300 1009 1443 1074 enimam⁵

283 1124 360 1182 tunc
397 1118 486 1183 nullo
523 1117 661 1202 pondere
693 1116 733 1181 ud
766 1135 892 1180 omnem
926 1119 1049 1180 motum
1083 1115 1144 1180 erit
1175 1115 1357 1181 facillimum
1382 1112 1413 1178 od

285 1224 424 1290 ridenda
441 1244 517 1290 uero
536 1244 583 1302 eo,
603 1243 684 1307 quoe
701 1224 846 1290 locorum
866 1223 980 1305 spatiis
999 1222 1243 1306 intemsllisque
1258 1223 1413 1288 eemurtur.

285 1333 314 1396 si
341 1348 402 1395 nou
431 1331 520 1396 uliud
548 1351 644 1414 quem
671 1331 779 1415 ipsum
809 1331 879 1408 erit,
907 1329 1121 1396 substantiam
1149 1329 1366 1413 incorporalem
1389 1329 1414 1388 et

284 1437 404 1521 ubique
430 1441 532 1502 totam
560 1437 650 1502 nullo
677 1436 772 1502 modo
802 1437 934 1502 uidebit.
968 1437 1037 1502 siue
1067 1455 1142 1520 ergo
1171 1436 1254 1501 illud
1281 1437 1345 1500 siue
1367 1433 1413 1498 hoo

285 1565 398 1610 uorum
417 1544 470 1622 sit,
489 1543 667 1609 seeundum
683 1549 857 1625 utrumque
876 1563 988 1609 uerum
1008 1548 1067 1621 est,
1088 1542 1174 1625 quod
1188 1543 1284 1608 istius
1298 1539 1413 1625 eorporis
1427 1551 1445 1590 ¹⁰

285 1652 370 1717 oculi
393 1652 487 1716 deum
511 1670 572 1717 non
594 1650 769 1726 uidebunt3
793 1656 849 1715 eut
871 1651 953 1715 enim
977 1651 1073 1716 istius
1097 1655 1191 1716 erunt
1213 1655 1247 1715 et
1268 1669 1325 1716 nou
1346 1647 1414 1712 uide

284 1757 366 1823 bunt
392 1761 448 1822 aut
473 1777 535 1824 nou
564 1761 657 1822 erunt
682 1757 791 1832 istius,
820 1755 848 1822 si
871 1757 1037 1832 uidebuut,
1067 1757 1217 1840 quoniam
1244 1761 1330 1822 tantu
1348 1773 1414 1819 eom·

284 1865 462 1930 mutatione
483 1866 579 1950 longo
603 1864 736 1929 alterius
760 1865 902 1946 corporis
927 1867 1028 1930 erunt.

241 1967 261 2028 4
332 1969 393 2035 Sed
415 1976 546 2054 paratus
566 1989 649 2048 sum,
672 1970 799 2054 siquid
819 1970 856 2035 de
875 1971 986 2036 haere
1006 1971 1123 2036 molius
1142 1971 1235 2036 nouit
1258 1971 1307 2035 hie
1328 1969 1415 2034 freter.

284 2078 338 2141 uel
353 2078 391 2141 ab
406 2077 477 2160 ipso
496 2077 550 2141 uel
568 2078 608 2142 ab
627 2077 693 2153 illo,
714 2094 810 2159 equo
830 2075 952 2154 didicit,
972 2076 1105 2142 discere.
1125 2078 1212 2160 quod
1227 2078 1253 2143 si
1268 2074 1446 2142 inridenterss

285 2184 434 2260 dicerem,
468 2185 564 2249 etiem
592 2183 674 2248 illud
702 2183 740 2247 de
769 2183 828 2247 deo
858 2183 1013 2266 corporali
1045 2183 1261 2268 membrisque
1287 2203 1339 2268 per
1360 2181 1417 2245 locs

284 2289 442 2356 diuisibili
471 2289 608 2355 dicerem
637 2293 781 2374 peratum
811 2309 882 2356 osse
910 2309 961 2354 me
989 2289 1123 2356 disoeno.
1155 2291 1239 2376 quod
1268 2310 1326 2356 non
1352 2286 1416 2350 dico.

285 2398 448 2481 quianon
476 2396 648 2461 inridenter
674 2397 789 2479 loquor
813 2398 845 2460 et
872 2395 970 2460 telem
999 2395 1094 2462 deum
1124 2415 1185 2462 uon
1215 2417 1286 2462 esse
1312 2391 1416 2460 omuino

285 2523 346 2569 nou
384 2503 512 2587 ambigo
545 2508 587 2580 ot,
624 2521 664 2566 ue
695 2502 770 2568 talis
809 2521 879 2568 esse
913 2503 1104 2582 crederetur,
1143 2503 1232 2569 illam
1271 2499 1417 2586 epistulam

286 2610 411 2692 scripsi.
438 2607 469 2673 iu
494 2608 655 2692 quadum
684 2627 788 2674 essem
811 2609 844 2672 in
868 2608 1064 2676 admonendo
1093 2608 1265 2689 sollicitus,
1293 2603 1449 2692 quemme

286 2715 468 2782 nominibus
495 2715 604 2780 tacitis
631 2715 664 2779 iu
692 2715 891 2797 corripiendo
920 2714 1039 2780 nimius
1068 2719 1163 2799 atquo
1186 2715 1364 2799 improuidus
1382 2705 1419 2772 lui

287 2843 346 2888 neo
373 2823 542 2887 frotomum
570 2824 603 2887 et
630 2820 844 2905 episcopalem
871 2839 1040 2904 personam
1073 2821 1159 2887 sieut
1189 2821 1285 2888 irater
1313 2825 1343 2886 et
1370 2815 1420 2900 epi·

288 2949 416 3012 scopus,
450 2949 543 3012 quem
572 2928 612 2993 ad
644 2928 776 2993 modum
810 2929 941 3012 dignum
972 2929 1083 3004 ruerat,
1113 2929 1265 3014 cogitaui.
1292 2929 1348 2995 hoe
1370 2939 1419 2989 non

289 3036 435 3114 defendo,
449 3034 506 3100 sed
519 3035 726 3118 reprehendo:
744 3035 805 3099 hoe
819 3053 1018 3111 uouendum,
1034 3034 1090 3099 sed
1101 3053 1234 3112 socus03
1248 3035 1419 3120 ignoscatur.

290 3151 378 3225 peto;
402 3143 585 3206 recordetur
607 3146 748 3206 nostram
772 3143 977 3206 dilectionem
995 3142 1163 3225 pristinum
1183 3147 1216 3206 et
1235 3139 1450 3208 obliuiscetur

290 3249 497 3314 offensionem
511 3268 636 3314 nouom.
649 3247 747 3314 iaciat
761 3252 859 3324 certe,
874 3248 958 3331 quod
973 3267 1024 3312 me
1039 3267 1100 3314 uon
1115 3249 1231 3315 iecisse
1247 3243 1420 3315 suscensuit:

327 3491 691 3556 2iuom.‚m.1odd.P
796 3492 849 3546 hoo
871 3509 926 3546 non
949 3509 1011 3561 om„
1034 3495 1152 3550 m.2r.
1176 3510 1204 3547 e.
1226 3485 1415 3548 add.P¹luoc'·'

293 3587 401 3652 (ponec
418 3587 487 3650 roo.)
507 3599 561 3635 uon
579 3582 611 3636 F
679 3580 863 3636 iuideudum
882 3581 952 3636 P¹V
1029 3583 1104 3653 uero]
1125 3599 1190 3653 ergo
1208 3582 1239 3637 P
1310 3597 1340 3635 ee
1356 3573 1421 3648 quse]

294 3672 403 3740 eope
457 3669 788 3724 ouocsruesruoeoo.
837 3670 868 3725 11
890 3671 941 3725 est
964 3670 992 3724 v
1036 3671 1068 3724 12
1088 3672 1122 3741 c]
1144 3687 1169 3736 s;
1189 3669 1260 3724 mv
1301 3670 1331 3723 13
1348 3659 1421 3726 eund
1516 3721 1517 3738 p

294 3749 325 3814 ee
349 3758 375 3812 V
444 3757 744 3828 15i1101a1101²1>¹v
816 3759 905 3814 dicere
929 3759 954 3811 V
1021 3759 1054 3813 16
1074 3759 1207 3814 etiemin
1225 3760 1280 3827 fine
1296 3745 1425 3812 ΜΗ
1516 3805 1517 3834 p

329 3847 457 3904 membris
475 3849 522 3919 qui
541 3849 571 3903 F
585 3851 631 3916 (m.
652 3847 883 3916 zmembrisque)
902 3849 928 3901 A
997 3849 1030 3902 17
1049 3863 1091 3902 me
1111 3864 1170 3903 erse
1188 3849 1249 3906 edd.
1313 3845 1346 3900 20
1362 3835 1422 3905 dun]

294 3936 365 3992 cP¹
383 3954 443 3992 cum
462 3937 489 3989 V
541 3953 621 4008 quam
641 3937 796 3990 nominibus
815 3937 908 3992 tacitis
921 3937 1005 3993 ΕΑΒ
1024 3955 1066 3992 oe
1085 3953 1165 4007 quem
1183 3935 1335 3991 nominibus
1347 3929 1423 3986 tuetur

294 4027 442 4097 consmipsi
460 4025 499 4081 Ρ1
518 4027 643 4096 (rsenpsi
660 4042 717 4080 rar.
735 4031 769 4078 ot
786 4027 845 4080 uid.
865 4043 898 4082 ec
915 4027 1040 4096 psoripsi)
1060 4025 1086 4080 Τ
1102 4025 1218 4094 (nomib3
1238 4023 1285 4081 sed
1301 4041 1318 4078 n
1334 4021 1363 4075 is
1378 4029 1422 4072 ror.

295 4133 328 4172 m.
348 4123 377 4183 1‚·
388 4117 481 4186 fumeo
496 4117 555 4172 oid.
574 4121 612 4184 m)
631 4115 658 4167 V
667 4117 767 4184 slrm
816 4116 849 4170 21
869 4115 1039 4185 inprouidiur
1059 4119 1157 4185 (μυεῖν.
1176 4115 1187 4170 i
1205 4116 1275 4184 exp.)
1293 4113 1333 4167 sui
1348 4101 1425 4164 necV

295 4208 330 4258 22
349 4207 525 4275 coepiscopus
543 4205 571 4258 A
638 4205 673 4259 23
691 4204 782 4259 fueret
800 4204 912 4274 dignum
933 4203 993 4260 edd.
1065 4203 1166 4276 hpeT
1217 4205 1253 4260 25
1271 4199 1423 4256 dilectionem

296 4297 415 4347 neruum
435 4294 463 4347 P
514 4293 549 4348 26
567 4309 620 4347 nou
639 4309 682 4346 rue
700 4293 729 4348 R
801 4293 840 4347 sie
859 4293 965 4347 censuit
983 4293 1011 4348 R
