<?xml version="1.0" encoding="UTF-8"?>
<!DOCTYPE html PUBLIC "-//W3C//DTD XHTML 1.0 Transitional//EN"
    "http://www.w3.org/TR/xhtml1/DTD/xhtml1-transitional.dtd">
<html xmlns="http://www.w3.org/1999/xhtml" xml:lang="en" lang="en">
 <head>
  <title>
</title>
<meta http-equiv="Content-Type" content="text/html;charset=utf-8" />
  <meta name='ocr-system' content='tesseract 3.04.00' />
  <meta name='ocr-capabilities' content='ocr_page ocr_carea ocr_par ocr_line ocrx_word'/>
</head>
<body>
  <div class='ocr_page' id='page_1' title='image "./corpusscriptoru05wissgoog_0248.png"; bbox 0 0 3092 4959; ppageno 0'>
   <div class='ocr_carea' id='block_1_1' title="bbox 276 319 1065 393">
    <p class='ocr_par' dir='ltr' id='par_1_1' title="bbox 276 319 1065 393">
     <span class='ocr_line' id='line_1_1' title="bbox 276 319 1065 393; baseline -0.016 -4"><span class='ocrx_word' id='word_1_1' title='bbox 276 327 340 389; x_wconf 81' lang='grc'>214</span> <span class='ocrx_word' id='word_1_2' title='bbox 626 323 652 376; x_wconf 87' lang='lat' dir='ltr'>S.</span> <span class='ocrx_word' id='word_1_3' title='bbox 683 323 820 378; x_wconf 70' lang='lat' dir='ltr'>Aureli</span> <span class='ocrx_word' id='word_1_4' title='bbox 846 319 1065 393; x_wconf 74' lang='lat' dir='ltr'><strong>Augustini</strong></span> 
     </span>
    </p>
   </div>
   <div class='ocr_carea' id='block_1_2' title="bbox 208 516 1540 2521">
    <p class='ocr_par' dir='ltr' id='par_1_2' title="bbox 275 516 1538 1008">
     <span class='ocr_line' id='line_1_2' title="bbox 275 516 1417 600; baseline 0 -19"><span class='ocrx_word' id='word_1_5' title='bbox 275 537 336 582; x_wconf 93' lang='lat' dir='ltr'>non</span> <span class='ocrx_word' id='word_1_6' title='bbox 359 521 465 582; x_wconf 87' lang='lat' dir='ltr'>tamen</span> <span class='ocrx_word' id='word_1_7' title='bbox 488 516 745 582; x_wconf 88' lang='lat' dir='ltr'>inconuenienter</span> <span class='ocrx_word' id='word_1_8' title='bbox 768 521 930 583; x_wconf 87' lang='lat' dir='ltr'>saturatus</span> <span class='ocrx_word' id='word_1_9' title='bbox 954 516 1071 582; x_wconf 90' lang='lat' dir='ltr'>dicitur</span> <span class='ocrx_word' id='word_1_10' title='bbox 1089 519 1274 600; x_wconf 88' lang='lat' dir='ltr'>paupertate</span> <span class='ocrx_word' id='word_1_11' title='bbox 1294 516 1417 582; x_wconf 84' lang='lat' dir='ltr'>Christi.</span> 
     </span>
     <span class='ocr_line' id='line_1_3' title="bbox 276 621 1418 707; baseline -0.003 -19"><span class='ocrx_word' id='word_1_12' title='bbox 276 624 329 706; x_wconf 89' lang='lat' dir='ltr'>qui</span> <span class='ocrx_word' id='word_1_13' title='bbox 353 643 408 706; x_wconf 93' lang='lat' dir='ltr'>pro</span> <span class='ocrx_word' id='word_1_14' title='bbox 432 623 558 689; x_wconf 90' lang='lat' dir='ltr'>iustitia</span> <span class='ocrx_word' id='word_1_15' title='bbox 581 625 662 700; x_wconf 81' lang='lat' dir='ltr'>eins,</span> <span class='ocrx_word' id='word_1_16' title='bbox 684 624 743 690; x_wconf 92' lang='lat' dir='ltr'>hoc</span> <span class='ocrx_word' id='word_1_17' title='bbox 768 628 819 688; x_wconf 87' lang='lat' dir='ltr'>est</span> <span class='ocrx_word' id='word_1_18' title='bbox 840 644 896 706; x_wconf 93' lang='lat' dir='ltr'>pro</span> <span class='ocrx_word' id='word_1_19' title='bbox 920 623 1160 707; x_wconf 76' lang='lat' dir='ltr'>participatione</span> <span class='ocrx_word' id='word_1_20' title='bbox 1182 621 1273 687; x_wconf 89' lang='lat' dir='ltr'>uerbi</span> <span class='ocrx_word' id='word_1_21' title='bbox 1296 624 1418 696; x_wconf 78' lang='lat' dir='ltr'>aeterni,</span> 
     </span>
     <span class='ocr_line' id='line_1_4' title="bbox 276 729 1538 814; baseline -0.002 -19"><span class='ocrx_word' id='word_1_22' title='bbox 276 750 370 813; x_wconf 89' lang='lat' dir='ltr'>qnam</span> <span class='ocrx_word' id='word_1_23' title='bbox 403 730 566 795; x_wconf 87' lang='lat' dir='ltr'>inchoanit</span> <span class='ocrx_word' id='word_1_24' title='bbox 597 730 724 794; x_wconf 86' lang='lat' dir='ltr'>interim</span> <span class='ocrx_word' id='word_1_25' title='bbox 756 730 827 808; x_wconf 85' lang='lat' dir='ltr'>fide,</span> <span class='ocrx_word' id='word_1_26' title='bbox 862 731 967 795; x_wconf 91' lang='lat' dir='ltr'>onmia</span> <span class='ocrx_word' id='word_1_27' title='bbox 998 729 1186 814; x_wconf 83' lang='lat' dir='ltr'>temporalia</span> <span class='ocrx_word' id='word_1_28' title='bbox 1221 749 1281 796; x_wconf 94' lang='lat' dir='ltr'>non</span> <span class='ocrx_word' id='word_1_29' title='bbox 1321 731 1418 794; x_wconf 88' lang='lat' dir='ltr'>solum</span> <span class='ocrx_word' id='word_1_30' title='bbox 1537 798 1538 805; x_wconf 13' lang='lat' dir='ltr'>p</span> 
     </span>
     <span class='ocr_line' id='line_1_5' title="bbox 275 836 1420 920; baseline -0.001 -20"><span class='ocrx_word' id='word_1_31' title='bbox 275 841 487 920; x_wconf 86' lang='lat' dir='ltr'>temperanter</span> <span class='ocrx_word' id='word_1_32' title='bbox 514 838 689 904; x_wconf 89' lang='lat' dir='ltr'>contemnit</span> <span class='ocrx_word' id='word_1_33' title='bbox 719 837 812 914; x_wconf 84' lang='lat' dir='ltr'>bone,</span> <span class='ocrx_word' id='word_1_34' title='bbox 840 856 952 902; x_wconf 88' lang='lat' dir='ltr'>uemm</span> <span class='ocrx_word' id='word_1_35' title='bbox 981 837 1076 902; x_wconf 90' lang='lat' dir='ltr'>etiam</span> <span class='ocrx_word' id='word_1_36' title='bbox 1104 836 1262 920; x_wconf 75' lang='lat' dir='ltr'>patienter</span> <span class='ocrx_word' id='word_1_37' title='bbox 1288 837 1420 902; x_wconf 86' lang='lat' dir='ltr'>sustinet</span> 
     </span>
     <span class='ocr_line' id='line_1_6' title="bbox 275 943 1454 1008; baseline -0.003 -2"><span class='ocrx_word' id='word_1_38' title='bbox 275 943 367 1008; x_wconf 86' lang='lat' dir='ltr'>mala</span> <span class='ocrx_word' id='word_1_39' title='bbox 1442 965 1454 1002; x_wconf 76' lang='lat' dir='ltr'>s</span> 
     </span>
    </p>

    <p class='ocr_par' dir='ltr' id='par_1_3' title="bbox 208 1049 1540 2521">
     <span class='ocr_line' id='line_1_7' title="bbox 208 1049 1420 1133; baseline 0 -21"><span class='ocrx_word' id='word_1_40' title='bbox 208 1049 250 1112; x_wconf 87' lang='grc'>67</span> <span class='ocrx_word' id='word_1_41' title='bbox 320 1049 412 1115; x_wconf 81' lang='lat' dir='ltr'>Tales</span> <span class='ocrx_word' id='word_1_42' title='bbox 432 1051 560 1116; x_wconf 82' lang='lat' dir='ltr'>fuerunt</span> <span class='ocrx_word' id='word_1_43' title='bbox 576 1049 751 1132; x_wconf 73' lang='lat' dir='ltr'>piscatores</span> <span class='ocrx_word' id='word_1_44' title='bbox 777 1053 811 1114; x_wconf 89' lang='lat' dir='ltr'>et</span> <span class='ocrx_word' id='word_1_45' title='bbox 827 1050 998 1133; x_wconf 79' lang='lat' dir='ltr'>publicani.</span> <span class='ocrx_word' id='word_1_46' title='bbox 1018 1049 1093 1132; x_wconf 88' lang='lat' dir='ltr'>quia</span> <span class='ocrx_word' id='word_1_47' title='bbox 1116 1049 1281 1114; x_wconf 89' lang='lat' dir='ltr'>abiecta</span> <span class='ocrx_word' id='word_1_48' title='bbox 1304 1049 1420 1113; x_wconf 86' lang='lat' dir='ltr'>huius</span> 
     </span>
     <span class='ocr_line' id='line_1_8' title="bbox 276 1155 1420 1241; baseline 0 -21"><span class='ocrx_word' id='word_1_49' title='bbox 276 1155 411 1221; x_wconf 89' lang='lat' dir='ltr'>mundi</span> <span class='ocrx_word' id='word_1_50' title='bbox 441 1157 580 1241; x_wconf 86' lang='lat' dir='ltr'>elegit,</span> <span class='ocrx_word' id='word_1_51' title='bbox 610 1159 654 1223; x_wconf 90' lang='lat' dir='ltr'>ut</span> <span class='ocrx_word' id='word_1_52' title='bbox 682 1155 954 1222; x_wconf 82' lang='lat' dir='ltr'>confunderet</span> <span class='ocrx_word' id='word_1_53' title='bbox 981 1157 1117 1222; x_wconf 83' lang='lat' dir='ltr'>fortia.</span> <span class='ocrx_word' id='word_1_54' title='bbox 1150 1156 1188 1220; x_wconf 92' lang='lat' dir='ltr'>de</span> <span class='ocrx_word' id='word_1_55' title='bbox 1220 1155 1272 1220; x_wconf 84' lang='lat' dir='ltr'>his</span> <span class='ocrx_word' id='word_1_56' title='bbox 1305 1155 1420 1220; x_wconf 87' lang='lat' dir='ltr'>dictum</span> 
     </span>
     <span class='ocr_line' id='line_1_9' title="bbox 275 1262 1419 1346; baseline -0.001 -19"><span class='ocrx_word' id='word_1_57' title='bbox 275 1266 337 1327; x_wconf 88' lang='lat' dir='ltr'>est:</span> <span class='ocrx_word' id='word_1_58' title='bbox 368 1263 498 1327; x_wconf 79' lang='lat' dir='ltr'>Edent</span> <span class='ocrx_word' id='word_1_59' title='bbox 524 1281 727 1346; x_wconf 86' lang='lat' dir='ltr'>pauperes</span> <span class='ocrx_word' id='word_1_60' title='bbox 752 1266 792 1327; x_wconf 87' lang='lat' dir='ltr'>ct</span> <span class='ocrx_word' id='word_1_61' title='bbox 815 1265 1122 1328; x_wconf 87' lang='lat' dir='ltr'>saturabuntur.</span> <span class='ocrx_word' id='word_1_62' title='bbox 1152 1262 1208 1328; x_wconf 90' lang='lat' dir='ltr'>sed</span> <span class='ocrx_word' id='word_1_63' title='bbox 1231 1263 1308 1344; x_wconf 86' lang='lat' dir='ltr'>qnia</span> <span class='ocrx_word' id='word_1_64' title='bbox 1331 1263 1419 1326; x_wconf 89' lang='lat' dir='ltr'>istam</span> 
     </span>
     <span class='ocr_line' id='line_1_10' title="bbox 275 1368 1420 1453; baseline -0.001 -21"><span class='ocrx_word' id='word_1_65' title='bbox 275 1370 474 1436; x_wconf 88' lang='lat' dir='ltr'>saturitatem</span> <span class='ocrx_word' id='word_1_66' title='bbox 497 1389 559 1434; x_wconf 90' lang='lat' dir='ltr'>non</span> <span class='ocrx_word' id='word_1_67' title='bbox 584 1369 668 1453; x_wconf 88' lang='lat' dir='ltr'>apud</span> <span class='ocrx_word' id='word_1_68' title='bbox 691 1389 725 1434; x_wconf 88' lang='lat' dir='ltr'>se</span> <span class='ocrx_word' id='word_1_69' title='bbox 748 1369 837 1452; x_wconf 86' lang='lat' dir='ltr'>ipsos</span> <span class='ocrx_word' id='word_1_70' title='bbox 859 1373 1038 1445; x_wconf 75' lang='lat' dir='ltr'>tenuerunt,</span> <span class='ocrx_word' id='word_1_71' title='bbox 1063 1370 1200 1453; x_wconf 88' lang='lat' dir='ltr'>quodam</span> <span class='ocrx_word' id='word_1_72' title='bbox 1223 1368 1318 1434; x_wconf 90' lang='lat' dir='ltr'>modo</span> <span class='ocrx_word' id='word_1_73' title='bbox 1342 1370 1420 1433; x_wconf 88' lang='lat' dir='ltr'>enirn</span> 
     </span>
     <span class='ocr_line' id='line_1_11' title="bbox 275 1475 1455 1560; baseline -0.002 -20"><span class='ocrx_word' id='word_1_74' title='bbox 275 1480 435 1541; x_wconf 88' lang='lat' dir='ltr'>motantes</span> <span class='ocrx_word' id='word_1_75' title='bbox 460 1476 624 1542; x_wconf 90' lang='lat' dir='ltr'>dominum</span> <span class='ocrx_word' id='word_1_76' title='bbox 646 1475 866 1553; x_wconf 79' lang='lat' dir='ltr'>laudauerunt</span> <span class='ocrx_word' id='word_1_77' title='bbox 890 1476 950 1542; x_wconf 89' lang='lat' dir='ltr'>hoo</span> <span class='ocrx_word' id='word_1_78' title='bbox 975 1480 1024 1542; x_wconf 89' lang='lat' dir='ltr'>est</span> <span class='ocrx_word' id='word_1_79' title='bbox 1049 1476 1312 1560; x_wconf 88' lang='lat' dir='ltr'>praedicauemot</span> <span class='ocrx_word' id='word_1_80' title='bbox 1333 1495 1419 1559; x_wconf 79' lang='lat' dir='ltr'>quac</span> <span class='ocrx_word' id='word_1_81' title='bbox 1433 1499 1455 1538; x_wconf 83' lang='lat' dir='ltr'>o</span> 
     </span>
     <span class='ocr_line' id='line_1_12' title="bbox 274 1574 1540 1666; baseline -0.002 -19"><span class='ocrx_word' id='word_1_82' title='bbox 274 1585 378 1648; x_wconf 87' lang='lat' dir='ltr'>rentes</span> <span class='ocrx_word' id='word_1_83' title='bbox 402 1603 487 1662; x_wconf 79' lang='lat' dir='ltr'>cum,</span> <span class='ocrx_word' id='word_1_84' title='bbox 510 1583 571 1648; x_wconf 90' lang='lat' dir='ltr'>hoc</span> <span class='ocrx_word' id='word_1_85' title='bbox 594 1587 644 1648; x_wconf 88' lang='lat' dir='ltr'>est</span> <span class='ocrx_word' id='word_1_86' title='bbox 667 1603 726 1648; x_wconf 91' lang='lat' dir='ltr'>non</span> <span class='ocrx_word' id='word_1_87' title='bbox 752 1603 811 1649; x_wconf 88' lang='lat' dir='ltr'>sua</span> <span class='ocrx_word' id='word_1_88' title='bbox 834 1590 1020 1666; x_wconf 75' lang='lat' dir='ltr'>quaerentes</span> <span class='ocrx_word' id='word_1_89' title='bbox 1049 1584 1104 1648; x_wconf 92' lang='lat' dir='ltr'>sod</span> <span class='ocrx_word' id='word_1_90' title='bbox 1132 1583 1164 1647; x_wconf 91' lang='lat' dir='ltr'>in</span> <span class='ocrx_word' id='word_1_91' title='bbox 1193 1601 1266 1646; x_wconf 90' lang='lat' dir='ltr'>enm</span> <span class='ocrx_word' id='word_1_92' title='bbox 1295 1583 1417 1645; x_wconf 85' lang='lat' dir='ltr'>caritate</span> <span class='ocrx_word' id='word_1_93' title='bbox 1539 1574 1540 1577; x_wconf 63' lang='grc'>’</span> 
     </span>
     <span class='ocr_line' id='line_1_13' title="bbox 274 1688 1416 1774; baseline -0.003 -20"><span class='ocrx_word' id='word_1_94' title='bbox 274 1690 455 1774; x_wconf 80' lang='lat' dir='ltr'>flagrantes,</span> <span class='ocrx_word' id='word_1_95' title='bbox 487 1709 597 1754; x_wconf 88' lang='lat' dir='ltr'>eorum</span> <span class='ocrx_word' id='word_1_96' title='bbox 634 1688 868 1773; x_wconf 87' lang='lat' dir='ltr'>praedicatione</span> <span class='ocrx_word' id='word_1_97' title='bbox 904 1693 1083 1756; x_wconf 87' lang='lat' dir='ltr'>commotus</span> <span class='ocrx_word' id='word_1_98' title='bbox 1121 1693 1170 1754; x_wconf 88' lang='lat' dir='ltr'>est</span> <span class='ocrx_word' id='word_1_99' title='bbox 1207 1689 1356 1755; x_wconf 85' lang='lat' dir='ltr'>mundus.</span> <span class='ocrx_word' id='word_1_100' title='bbox 1387 1695 1416 1752; x_wconf 89' lang='lat' dir='ltr'>ut</span> 
     </span>
     <span class='ocr_line' id='line_1_14' title="bbox 275 1797 1414 1862; baseline -0.003 -1"><span class='ocrx_word' id='word_1_101' title='bbox 275 1801 560 1862; x_wconf 88' lang='lat' dir='ltr'>commemorentur</span> <span class='ocrx_word' id='word_1_102' title='bbox 593 1799 625 1861; x_wconf 90' lang='lat' dir='ltr'>ct</span> <span class='ocrx_word' id='word_1_103' title='bbox 657 1799 883 1862; x_wconf 84' lang='lat' dir='ltr'>conuertuntur</span> <span class='ocrx_word' id='word_1_104' title='bbox 914 1797 959 1861; x_wconf 90' lang='lat' dir='ltr'>ad</span> <span class='ocrx_word' id='word_1_105' title='bbox 1000 1797 1201 1862; x_wconf 88' lang='lat' dir='ltr'>dominum</span> <span class='ocrx_word' id='word_1_106' title='bbox 1238 1797 1414 1861; x_wconf 88' lang='lat' dir='ltr'>uniuersi</span> 
     </span>
     <span class='ocr_line' id='line_1_15' title="bbox 275 1903 1415 1986; baseline -0.002 -20"><span class='ocrx_word' id='word_1_107' title='bbox 275 1903 384 1968; x_wconf 81' lang='lat' dir='ltr'>fines</span> <span class='ocrx_word' id='word_1_108' title='bbox 428 1907 560 1968; x_wconf 87' lang='lat' dir='ltr'>terrae</span> <span class='ocrx_word' id='word_1_109' title='bbox 602 1907 640 1968; x_wconf 91' lang='lat' dir='ltr'>et</span> <span class='ocrx_word' id='word_1_110' title='bbox 686 1903 817 1968; x_wconf 86' lang='lat' dir='ltr'>adorent</span> <span class='ocrx_word' id='word_1_111' title='bbox 857 1904 895 1967; x_wconf 88' lang='lat' dir='ltr'>in</span> <span class='ocrx_word' id='word_1_112' title='bbox 942 1907 1167 1986; x_wconf 87' lang='lat' dir='ltr'>conspectu</span> <span class='ocrx_word' id='word_1_113' title='bbox 1214 1904 1303 1970; x_wconf 90' lang='lat' dir='ltr'>eius</span> <span class='ocrx_word' id='word_1_114' title='bbox 1344 1903 1415 1966; x_wconf 89' lang='lat' dir='ltr'>uui-</span> 
     </span>
     <span class='ocr_line' id='line_1_16' title="bbox 275 2009 1447 2095; baseline -0.003 -20"><span class='ocrx_word' id='word_1_115' title='bbox 275 2029 416 2075; x_wconf 89' lang='lat' dir='ltr'>usrsae</span> <span class='ocrx_word' id='word_1_116' title='bbox 462 2009 622 2093; x_wconf 86' lang='lat' dir='ltr'>patriae</span> <span class='ocrx_word' id='word_1_117' title='bbox 674 2011 874 2095; x_wconf 81' lang='lat' dir='ltr'>gentium,</span> <span class='ocrx_word' id='word_1_118' title='bbox 923 2010 1112 2092; x_wconf 81' lang='lat' dir='ltr'>quoniam</span> <span class='ocrx_word' id='word_1_119' title='bbox 1164 2009 1317 2074; x_wconf 89' lang='lat' dir='ltr'>domini</span> <span class='ocrx_word' id='word_1_120' title='bbox 1360 2016 1447 2073; x_wconf 83' lang='lat' dir='ltr'>esto</span> 
     </span>
     <span class='ocr_line' id='line_1_17' title="bbox 275 2115 1412 2202; baseline -0.003 -21"><span class='ocrx_word' id='word_1_121' title='bbox 275 2136 439 2202; x_wconf 84' lang='lat' dir='ltr'>regnum</span> <span class='ocrx_word' id='word_1_122' title='bbox 470 2121 509 2180; x_wconf 88' lang='lat' dir='ltr'>et</span> <span class='ocrx_word' id='word_1_123' title='bbox 538 2117 624 2200; x_wconf 87' lang='lat' dir='ltr'>ipse</span> <span class='ocrx_word' id='word_1_124' title='bbox 652 2116 931 2182; x_wconf 89' lang='lat' dir='ltr'>dominabitur</span> <span class='ocrx_word' id='word_1_125' title='bbox 963 2117 1153 2202; x_wconf 82' lang='lat' dir='ltr'>gentium.</span> <span class='ocrx_word' id='word_1_126' title='bbox 1185 2116 1245 2180; x_wconf 89' lang='lat' dir='ltr'>hac</span> <span class='ocrx_word' id='word_1_127' title='bbox 1273 2115 1412 2180; x_wconf 89' lang='lat' dir='ltr'>ecclesiae</span> 
     </span>
     <span class='ocr_line' id='line_1_18' title="bbox 276 2219 1412 2307; baseline -0.005 -19"><span class='ocrx_word' id='word_1_128' title='bbox 276 2225 461 2289; x_wconf 82' lang='lat' dir='ltr'>dilatatione</span> <span class='ocrx_word' id='word_1_129' title='bbox 485 2224 580 2288; x_wconf 88' lang='lat' dir='ltr'>etiam</span> <span class='ocrx_word' id='word_1_130' title='bbox 614 2222 752 2307; x_wconf 79' lang='lat' dir='ltr'>superbi,</span> <span class='ocrx_word' id='word_1_131' title='bbox 777 2223 837 2288; x_wconf 91' lang='lat' dir='ltr'>hoc</span> <span class='ocrx_word' id='word_1_132' title='bbox 865 2226 915 2288; x_wconf 90' lang='lat' dir='ltr'>est</span> <span class='ocrx_word' id='word_1_133' title='bbox 948 2223 1100 2287; x_wconf 90' lang='lat' dir='ltr'>diuites</span> <span class='ocrx_word' id='word_1_134' title='bbox 1132 2229 1266 2287; x_wconf 89' lang='lat' dir='ltr'>terrae</span> <span class='ocrx_word' id='word_1_135' title='bbox 1298 2219 1412 2286; x_wconf 87' lang='lat' dir='ltr'>adducti</span> 
     </span>
     <span class='ocr_line' id='line_1_19' title="bbox 275 2328 1411 2416; baseline -0.005 -21"><span class='ocrx_word' id='word_1_136' title='bbox 275 2335 360 2398; x_wconf 87' lang='lat' dir='ltr'>sunt.</span> <span class='ocrx_word' id='word_1_137' title='bbox 382 2334 418 2394; x_wconf 90' lang='lat' dir='ltr'>ut</span> <span class='ocrx_word' id='word_1_138' title='bbox 435 2329 671 2409; x_wconf 81' lang='lat' dir='ltr'>manducarent,</span> <span class='ocrx_word' id='word_1_139' title='bbox 692 2333 724 2396; x_wconf 87' lang='lat' dir='ltr'>st</span> <span class='ocrx_word' id='word_1_140' title='bbox 742 2329 890 2412; x_wconf 86' lang='lat' dir='ltr'>quamuis</span> <span class='ocrx_word' id='word_1_141' title='bbox 913 2349 974 2394; x_wconf 90' lang='lat' dir='ltr'>oon</span> <span class='ocrx_word' id='word_1_142' title='bbox 999 2329 1132 2394; x_wconf 89' lang='lat' dir='ltr'>saturati</span> <span class='ocrx_word' id='word_1_143' title='bbox 1155 2333 1262 2416; x_wconf 84' lang='lat' dir='ltr'>tamen</span> <span class='ocrx_word' id='word_1_144' title='bbox 1286 2328 1411 2392; x_wconf 87' lang='lat' dir='ltr'>adorant</span> 
     </span>
     <span class='ocr_line' id='line_1_20' title="bbox 275 2435 1410 2521; baseline -0.005 -19"><span class='ocrx_word' id='word_1_145' title='bbox 275 2439 359 2502; x_wconf 90' lang='lat' dir='ltr'>hunc</span> <span class='ocrx_word' id='word_1_146' title='bbox 384 2437 499 2520; x_wconf 87' lang='lat' dir='ltr'>quippe</span> <span class='ocrx_word' id='word_1_147' title='bbox 524 2437 662 2502; x_wconf 87' lang='lat' dir='ltr'>ordinem</span> <span class='ocrx_word' id='word_1_148' title='bbox 692 2437 860 2521; x_wconf 88' lang='lat' dir='ltr'>prophetia</span> <span class='ocrx_word' id='word_1_149' title='bbox 879 2437 995 2520; x_wconf 88' lang='lat' dir='ltr'>psalmi</span> <span class='ocrx_word' id='word_1_150' title='bbox 1018 2437 1170 2515; x_wconf 84' lang='lat' dir='ltr'>hocloco</span> <span class='ocrx_word' id='word_1_151' title='bbox 1193 2435 1307 2514; x_wconf 83' lang='lat' dir='ltr'>tenuit,</span> <span class='ocrx_word' id='word_1_152' title='bbox 1330 2451 1410 2516; x_wconf 85' lang='lat' dir='ltr'>quem</span> 
     </span>
    </p>
   </div>
   <div class='ocr_carea' id='block_1_3' title="bbox 276 2528 1543 3050">
    <p class='ocr_par' dir='ltr' id='par_1_4' title="bbox 276 2528 1543 3050">
     <span class='ocr_line' id='line_1_21' title="bbox 276 2528 1543 2630; baseline -0.01 -21"><span class='ocrx_word' id='word_1_153' title='bbox 276 2545 423 2610; x_wconf 81' lang='lat' dir='ltr'>uidemus</span> <span class='ocrx_word' id='word_1_154' title='bbox 445 2544 582 2626; x_wconf 89' lang='lat' dir='ltr'>impleri.</span> <span class='ocrx_word' id='word_1_155' title='bbox 607 2544 753 2630; x_wconf 86' lang='lat' dir='ltr'>adiungit</span> <span class='ocrx_word' id='word_1_156' title='bbox 771 2548 893 2610; x_wconf 80' lang='lat' dir='ltr'>autem:</span> <span class='ocrx_word' id='word_1_157' title='bbox 918 2544 960 2608; x_wconf 91' lang='lat' dir='ltr'>In</span> <span class='ocrx_word' id='word_1_158' title='bbox 986 2546 1209 2626; x_wconf 88' lang='lat' dir='ltr'>conspectu</span> <span class='ocrx_word' id='word_1_159' title='bbox 1232 2543 1319 2606; x_wconf 86' lang='lat' dir='ltr'>eins</span> <span class='ocrx_word' id='word_1_160' title='bbox 1340 2557 1444 2623; x_wconf 79' lang='lat' dir='ltr'>pro-a</span> <span class='ocrx_word' id='word_1_161' title='bbox 1542 2528 1543 2597; x_wconf 74' lang='grc' dir='ltr'>ἶ</span> 
     </span>
     <span class='ocr_line' id='line_1_22' title="bbox 277 2646 1409 2733; baseline -0.006 -19"><span class='ocrx_word' id='word_1_162' title='bbox 277 2650 415 2715; x_wconf 89' lang='lat' dir='ltr'>cident</span> <span class='ocrx_word' id='word_1_163' title='bbox 452 2669 597 2732; x_wconf 85' lang='lat' dir='ltr'>ornnes,</span> <span class='ocrx_word' id='word_1_164' title='bbox 636 2651 703 2733; x_wconf 85' lang='lat' dir='ltr'>qui</span> <span class='ocrx_word' id='word_1_165' title='bbox 741 2650 996 2716; x_wconf 89' lang='lat' dir='ltr'>descendunt</span> <span class='ocrx_word' id='word_1_166' title='bbox 1031 2650 1068 2713; x_wconf 92' lang='lat' dir='ltr'>in</span> <span class='ocrx_word' id='word_1_167' title='bbox 1106 2655 1266 2726; x_wconf 84' lang='lat' dir='ltr'>terram,</span> <span class='ocrx_word' id='word_1_168' title='bbox 1307 2647 1337 2710; x_wconf 90' lang='lat' dir='ltr'>id</span> <span class='ocrx_word' id='word_1_169' title='bbox 1370 2646 1409 2707; x_wconf 80' lang='lat' dir='ltr'>est</span> 
     </span>
     <span class='ocr_line' id='line_1_23' title="bbox 277 2754 1409 2822; baseline -0.006 -3"><span class='ocrx_word' id='word_1_170' title='bbox 277 2773 385 2820; x_wconf 89' lang='lat' dir='ltr'>omnes</span> <span class='ocrx_word' id='word_1_171' title='bbox 413 2757 494 2821; x_wconf 88' lang='lat' dir='ltr'>bona</span> <span class='ocrx_word' id='word_1_172' title='bbox 521 2757 654 2822; x_wconf 91' lang='lat' dir='ltr'>amando</span> <span class='ocrx_word' id='word_1_173' title='bbox 682 2761 805 2822; x_wconf 87' lang='lat' dir='ltr'>terrena</span> <span class='ocrx_word' id='word_1_174' title='bbox 834 2775 895 2820; x_wconf 89' lang='lat' dir='ltr'>noo</span> <span class='ocrx_word' id='word_1_175' title='bbox 928 2756 960 2820; x_wconf 89' lang='lat' dir='ltr'>in</span> <span class='ocrx_word' id='word_1_176' title='bbox 993 2755 1117 2820; x_wconf 87' lang='lat' dir='ltr'>caelum</span> <span class='ocrx_word' id='word_1_177' title='bbox 1149 2754 1331 2818; x_wconf 86' lang='lat' dir='ltr'>ascendunt</span> <span class='ocrx_word' id='word_1_178' title='bbox 1360 2768 1409 2815; x_wconf 89' lang='lat' dir='ltr'>non</span> 
     </span>
     <span class='ocr_line' id='line_1_24' title="bbox 278 2860 1409 2945; baseline -0.006 -19"><span class='ocrx_word' id='word_1_179' title='bbox 278 2861 360 2927; x_wconf 88' lang='lat' dir='ltr'>enim</span> <span class='ocrx_word' id='word_1_180' title='bbox 390 2863 518 2940; x_wconf 80' lang='lat' dir='ltr'>faciunt,</span> <span class='ocrx_word' id='word_1_181' title='bbox 548 2863 632 2945; x_wconf 88' lang='lat' dir='ltr'>quod</span> <span class='ocrx_word' id='word_1_182' title='bbox 662 2863 707 2928; x_wconf 88' lang='lat' dir='ltr'>ait</span> <span class='ocrx_word' id='word_1_183' title='bbox 734 2864 914 2944; x_wconf 87' lang='lat' dir='ltr'>apostolus:</span> <span class='ocrx_word' id='word_1_184' title='bbox 949 2861 990 2926; x_wconf 87' lang='lat' dir='ltr'>Si</span> <span class='ocrx_word' id='word_1_185' title='bbox 1016 2860 1310 2928; x_wconf 84' lang='lat' dir='ltr'>resurrexistis</span> <span class='ocrx_word' id='word_1_186' title='bbox 1337 2874 1409 2922; x_wconf 85' lang='lat' dir='ltr'>cun</span> 
     </span>
     <span class='ocr_line' id='line_1_25' title="bbox 278 2966 1410 3050; baseline -0.009 -16"><span class='ocrx_word' id='word_1_187' title='bbox 278 2968 453 3046; x_wconf 76' lang='lat' dir='ltr'>Christo,</span> <span class='ocrx_word' id='word_1_188' title='bbox 479 2988 578 3050; x_wconf 88' lang='lat' dir='ltr'>quae</span> <span class='ocrx_word' id='word_1_189' title='bbox 603 2989 764 3034; x_wconf 88' lang='lat' dir='ltr'>sursum</span> <span class='ocrx_word' id='word_1_190' title='bbox 790 2973 893 3046; x_wconf 78' lang='lat' dir='ltr'>sunt,</span> <span class='ocrx_word' id='word_1_191' title='bbox 920 2968 1117 3050; x_wconf 80' lang='lat' dir='ltr'>quaerite,</span> <span class='ocrx_word' id='word_1_192' title='bbox 1141 2967 1210 3032; x_wconf 88' lang='lat' dir='ltr'>ubi</span> <span class='ocrx_word' id='word_1_193' title='bbox 1234 2966 1410 3033; x_wconf 80' lang='lat' dir='ltr'>Christus</span> 
     </span>
    </p>
   </div>
   <div class='ocr_carea' id='block_1_4' title="bbox 277 3204 1409 3367">
    <p class='ocr_par' dir='ltr' id='par_1_5' title="bbox 277 3204 1409 3367">
     <span class='ocr_line' id='line_1_26' title="bbox 367 3204 1409 3278; baseline -0.007 -13"><span class='ocrx_word' id='word_1_194' title='bbox 367 3211 494 3269; x_wconf 68' lang='lat' dir='ltr'>orcos.</span> <span class='ocrx_word' id='word_1_195' title='bbox 515 3212 539 3278; x_wconf 92' lang='lat'>1,</span> <span class='ocrx_word' id='word_1_196' title='bbox 559 3212 592 3264; x_wconf 84' lang='lat' dir='ltr'>ar</span> <span class='ocrx_word' id='word_1_197' title='bbox 663 3211 696 3266; x_wconf 84' lang='lat'>13</span> <span class='ocrx_word' id='word_1_198' title='bbox 715 3211 760 3266; x_wconf 74' lang='lat' dir='ltr'>ns.</span> <span class='ocrx_word' id='word_1_199' title='bbox 780 3211 822 3275; x_wconf 87' lang='lat'>21,</span> <span class='ocrx_word' id='word_1_200' title='bbox 842 3211 948 3264; x_wconf 71' lang='grc' dir='ltr'>ιιι-3ο</span> <span class='ocrx_word' id='word_1_201' title='bbox 1027 3208 1242 3276; x_wconf 62' lang='lat' dir='ltr'>soracum</span> <span class='ocrx_word' id='word_1_202' title='bbox 1312 3204 1409 3263; x_wconf 80' lang='lat' dir='ltr'>eaeo</span> 
     </span>
     <span class='ocr_line' id='line_1_27' title="bbox 277 3301 393 3367; baseline 0.06 -20"><span class='ocrx_word' id='word_1_203' title='bbox 277 3303 302 3367; x_wconf 76' lang='lat' dir='ltr'>a,</span> <span class='ocrx_word' id='word_1_204' title='bbox 324 3301 393 3354; x_wconf 82' lang='lat'>1-2</span> 
     </span>
    </p>
   </div>
   <div class='ocr_carea' id='block_1_5' title="bbox 276 3421 1421 4290">
    <p class='ocr_par' dir='ltr' id='par_1_6' title="bbox 276 3421 1417 3937">
     <span class='ocr_line' id='line_1_28' title="bbox 313 3421 1411 3494; baseline -0.006 -16"><span class='ocrx_word' id='word_1_205' title='bbox 313 3426 329 3478; x_wconf 85' lang='lat'>3</span> <span class='ocrx_word' id='word_1_206' title='bbox 348 3429 403 3478; x_wconf 89' lang='lat' dir='ltr'>tem</span> <span class='ocrx_word' id='word_1_207' title='bbox 429 3424 591 3494; x_wconf 85' lang='lat' dir='ltr'>temporalia</span> <span class='ocrx_word' id='word_1_208' title='bbox 605 3423 631 3476; x_wconf 90' lang='lat' dir='ltr'><strong><em>L</em></strong></span> <span class='ocrx_word' id='word_1_209' title='bbox 667 3425 684 3476; x_wconf 80' lang='lat'><strong>4</strong></span> <span class='ocrx_word' id='word_1_210' title='bbox 699 3423 850 3477; x_wconf 87' lang='lat' dir='ltr'>contemnit</span> <span class='ocrx_word' id='word_1_211' title='bbox 867 3423 939 3476; x_wconf 84' lang='lat' dir='ltr'>bona</span> <span class='ocrx_word' id='word_1_212' title='bbox 956 3425 1140 3493; x_wconf 85' lang='lat' dir='ltr'>temperanter</span> <span class='ocrx_word' id='word_1_213' title='bbox 1156 3421 1182 3474; x_wconf 99' lang='grc' dir='ltr'><em>Τ</em></span> <span class='ocrx_word' id='word_1_214' title='bbox 1233 3425 1411 3492; x_wconf 82' lang='lat' dir='ltr'>temperamur,</span> 
     </span>
     <span class='ocr_line' id='line_1_29' title="bbox 276 3510 1412 3582; baseline -0.001 -15"><span class='ocrx_word' id='word_1_215' title='bbox 276 3514 325 3567; x_wconf 85' lang='lat' dir='ltr'>sed</span> <span class='ocrx_word' id='word_1_216' title='bbox 343 3529 446 3566; x_wconf 84' lang='lat' dir='ltr'>eramnr</span> <span class='ocrx_word' id='word_1_217' title='bbox 464 3515 495 3566; x_wconf 80' lang='lat' dir='ltr'>iar</span> <span class='ocrx_word' id='word_1_218' title='bbox 513 3529 570 3570; x_wconf 81' lang='lat' dir='ltr'>rar.</span> <span class='ocrx_word' id='word_1_219' title='bbox 590 3517 633 3582; x_wconf 88' lang='lat' dir='ltr'>(m.</span> <span class='ocrx_word' id='word_1_220' title='bbox 654 3518 668 3566; x_wconf 85' lang='lat'><em>1</em></span> <span class='ocrx_word' id='word_1_221' title='bbox 688 3513 712 3578; x_wconf 82' lang='lat'>?)</span> <span class='ocrx_word' id='word_1_222' title='bbox 731 3511 759 3567; x_wconf 87' lang='lat' dir='ltr'><em>R</em></span> <span class='ocrx_word' id='word_1_223' title='bbox 822 3514 839 3568; x_wconf 84' lang='lat'>6</span> <span class='ocrx_word' id='word_1_224' title='bbox 857 3512 928 3566; x_wconf 84' lang='lat' dir='ltr'>tales</span> <span class='ocrx_word' id='word_1_225' title='bbox 947 3513 1018 3566; x_wconf 90' lang='lat' dir='ltr'>enim</span> <span class='ocrx_word' id='word_1_226' title='bbox 1036 3511 1149 3565; x_wconf 83' lang='lat' dir='ltr'>fuerunt</span> <span class='ocrx_word' id='word_1_227' title='bbox 1169 3510 1196 3562; x_wconf 82' lang='lat' dir='ltr'><em>T</em></span> <span class='ocrx_word' id='word_1_228' title='bbox 1266 3511 1412 3581; x_wconf 71' lang='lat' dir='ltr'>piscatores</span> 
     </span>
     <span class='ocr_line' id='line_1_30' title="bbox 277 3595 1415 3672; baseline -0.004 -16"><span class='ocrx_word' id='word_1_229' title='bbox 277 3601 547 3672; x_wconf 79' lang='lat' dir='ltr'>m.2pecatoresT</span> <span class='ocrx_word' id='word_1_230' title='bbox 599 3603 663 3671; x_wconf 83' lang='lat' dir='ltr'>quia</span> <span class='ocrx_word' id='word_1_231' title='bbox 682 3619 715 3656; x_wconf 77' lang='lat' dir='ltr'>ea</span> <span class='ocrx_word' id='word_1_232' title='bbox 733 3617 813 3665; x_wconf 79' lang='lat' dir='ltr'>corr..</span> <span class='ocrx_word' id='word_1_233' title='bbox 825 3601 988 3670; x_wconf 78' lang='lat' dir='ltr'>fuitqu</span> <span class='ocrx_word' id='word_1_234' title='bbox 1020 3600 1257 3670; x_wconf 69' lang='lat' dir='ltr'>squamam,</span> <span class='ocrx_word' id='word_1_235' title='bbox 1269 3595 1415 3668; x_wconf 75' lang='lat' dir='ltr'>suttqu</span> 
     </span>
     <span class='ocr_line' id='line_1_31' title="bbox 279 3687 1414 3761; baseline -0.002 -17"><span class='ocrx_word' id='word_1_236' title='bbox 279 3692 312 3744; x_wconf 87' lang='grc'>10</span> <span class='ocrx_word' id='word_1_237' title='bbox 331 3695 469 3744; x_wconf 87' lang='lat' dir='ltr'>ructantes</span> <span class='ocrx_word' id='word_1_238' title='bbox 488 3691 512 3761; x_wconf 91' lang='lat' dir='ltr'>(r</span> <span class='ocrx_word' id='word_1_239' title='bbox 531 3695 661 3760; x_wconf 76' lang='lat' dir='ltr'>career.)</span> <span class='ocrx_word' id='word_1_240' title='bbox 681 3691 714 3744; x_wconf 89' lang='lat' dir='ltr'><strong><em>N</em></strong></span> <span class='ocrx_word' id='word_1_241' title='bbox 765 3689 845 3744; x_wconf 89' lang='lat' dir='ltr'>deum</span> <span class='ocrx_word' id='word_1_242' title='bbox 868 3689 1007 3744; x_wconf 81' lang='lat' dir='ltr'><em>ORGNT</em></span> <span class='ocrx_word' id='word_1_243' title='bbox 1063 3689 1093 3744; x_wconf 89' lang='lat' dir='ltr'>id</span> <span class='ocrx_word' id='word_1_244' title='bbox 1114 3688 1247 3744; x_wconf 71' lang='lat' dir='ltr'>credo.</span> <span class='ocrx_word' id='word_1_245' title='bbox 1305 3691 1335 3744; x_wconf 89' lang='lat' dir='ltr'>ll</span> <span class='ocrx_word' id='word_1_246' title='bbox 1354 3687 1414 3742; x_wconf 81' lang='lat' dir='ltr'>cari·</span> 
     </span>
     <span class='ocr_line' id='line_1_32' title="bbox 276 3776 1415 3848; baseline -0.006 -15"><span class='ocrx_word' id='word_1_247' title='bbox 276 3783 334 3833; x_wconf 88' lang='lat' dir='ltr'>tate</span> <span class='ocrx_word' id='word_1_248' title='bbox 353 3795 414 3834; x_wconf 71' lang='lat' dir='ltr'>mom</span> <span class='ocrx_word' id='word_1_249' title='bbox 428 3795 526 3848; x_wconf 80' lang='lat' dir='ltr'>parua</span> <span class='ocrx_word' id='word_1_250' title='bbox 543 3795 600 3834; x_wconf 85' lang='lat' dir='ltr'>ras.</span> <span class='ocrx_word' id='word_1_251' title='bbox 619 3795 701 3848; x_wconf 79' lang='lat' dir='ltr'>cuper</span> <span class='ocrx_word' id='word_1_252' title='bbox 719 3797 733 3832; x_wconf 89' lang='lat' dir='ltr'>e</span> <span class='ocrx_word' id='word_1_253' title='bbox 752 3779 781 3835; x_wconf 78' lang='lat' dir='ltr'><strong><em>R</em></strong></span> <span class='ocrx_word' id='word_1_254' title='bbox 837 3780 869 3833; x_wconf 84' lang='lat'>12</span> <span class='ocrx_word' id='word_1_255' title='bbox 889 3779 1017 3833; x_wconf 87' lang='lat' dir='ltr'>commoti</span> <span class='ocrx_word' id='word_1_256' title='bbox 1035 3783 1100 3832; x_wconf 85' lang='lat' dir='ltr'>eunt</span> <span class='ocrx_word' id='word_1_257' title='bbox 1117 3781 1150 3832; x_wconf 87' lang='lat' dir='ltr'>nt</span> <span class='ocrx_word' id='word_1_258' title='bbox 1170 3777 1225 3832; x_wconf 83' lang='lat' dir='ltr'>GT</span> <span class='ocrx_word' id='word_1_259' title='bbox 1275 3779 1310 3833; x_wconf 81' lang='lat'>14</span> <span class='ocrx_word' id='word_1_260' title='bbox 1327 3776 1415 3832; x_wconf 78' lang='lat' dir='ltr'>adora·</span> 
     </span>
     <span class='ocr_line' id='line_1_33' title="bbox 278 3859 1417 3937; baseline -0.007 -15"><span class='ocrx_word' id='word_1_261' title='bbox 278 3869 392 3922; x_wconf 84' lang='lat' dir='ltr'>buntT</span> <span class='ocrx_word' id='word_1_262' title='bbox 446 3870 478 3922; x_wconf 84' lang='lat'>15</span> <span class='ocrx_word' id='word_1_263' title='bbox 498 3868 784 3937; x_wconf 86' lang='lat' dir='ltr'>quoniam—gentium</span> <span class='ocrx_word' id='word_1_264' title='bbox 804 3884 856 3922; x_wconf 83' lang='lat' dir='ltr'>om.</span> <span class='ocrx_word' id='word_1_265' title='bbox 879 3867 904 3919; x_wconf 89' lang='grc' dir='ltr'><em>Τ</em></span> <span class='ocrx_word' id='word_1_266' title='bbox 959 3867 991 3920; x_wconf 82' lang='grc'>17</span> <span class='ocrx_word' id='word_1_267' title='bbox 1011 3867 1142 3921; x_wconf 86' lang='lat' dir='ltr'>dilatione</span> <span class='ocrx_word' id='word_1_268' title='bbox 1160 3866 1187 3920; x_wconf 86' lang='lat' dir='ltr'><em>L</em></span> <span class='ocrx_word' id='word_1_269' title='bbox 1205 3866 1353 3922; x_wconf 79' lang='lat' dir='ltr'>dilectione</span> <span class='ocrx_word' id='word_1_270' title='bbox 1368 3859 1417 3918; x_wconf 81' lang='lat' dir='ltr'>GT</span> 
     </span>
    </p>

    <p class='ocr_par' dir='ltr' id='par_1_7' title="bbox 277 3949 1421 4290">
     <span class='ocr_line' id='line_1_34' title="bbox 312 3949 1416 4024; baseline -0.005 -14"><span class='ocrx_word' id='word_1_271' title='bbox 312 3957 341 4012; x_wconf 91' lang='lat' dir='ltr'>id</span> <span class='ocrx_word' id='word_1_272' title='bbox 359 3957 419 4010; x_wconf 82' lang='lat' dir='ltr'>edd.</span> <span class='ocrx_word' id='word_1_273' title='bbox 531 3957 564 4009; x_wconf 89' lang='lat'>18</span> <span class='ocrx_word' id='word_1_274' title='bbox 584 3961 615 4010; x_wconf 90' lang='lat' dir='ltr'>ut</span> <span class='ocrx_word' id='word_1_275' title='bbox 633 3955 839 4024; x_wconf 86' lang='lat' dir='ltr'>manducarent]</span> <span class='ocrx_word' id='word_1_276' title='bbox 859 3959 888 4009; x_wconf 90' lang='lat' dir='ltr'>et</span> <span class='ocrx_word' id='word_1_277' title='bbox 905 3954 1138 4008; x_wconf 83' lang='lat' dir='ltr'>manducauerunt</span> <span class='ocrx_word' id='word_1_278' title='bbox 1158 3955 1182 4008; x_wconf 86' lang='lat'><strong><em>0</em></strong></span> <span class='ocrx_word' id='word_1_279' title='bbox 1263 3949 1416 4008; x_wconf 78' lang='lat' dir='ltr'>adoreutG</span> 
     </span>
     <span class='ocr_line' id='line_1_35' title="bbox 277 4041 1417 4115; baseline -0.007 -15"><span class='ocrx_word' id='word_1_280' title='bbox 277 4051 321 4114; x_wconf 83' lang='lat' dir='ltr'>(m.</span> <span class='ocrx_word' id='word_1_281' title='bbox 341 4051 360 4100; x_wconf 81' lang='lat'><strong><em>2</em></strong></span> <span class='ocrx_word' id='word_1_282' title='bbox 379 4045 580 4105; x_wconf 83' lang='lat' dir='ltr'>adorarent)T</span> <span class='ocrx_word' id='word_1_283' title='bbox 682 4046 715 4100; x_wconf 87' lang='grc'>19</span> <span class='ocrx_word' id='word_1_284' title='bbox 734 4044 868 4115; x_wconf 84' lang='lat' dir='ltr'>propheta</span> <span class='ocrx_word' id='word_1_285' title='bbox 885 4043 943 4098; x_wconf 76' lang='lat' dir='ltr'>Re</span> <span class='ocrx_word' id='word_1_286' title='bbox 1047 4044 1082 4098; x_wconf 85' lang='lat'>20</span> <span class='ocrx_word' id='word_1_287' title='bbox 1100 4043 1208 4114; x_wconf 87' lang='lat' dir='ltr'>impleri</span> <span class='ocrx_word' id='word_1_288' title='bbox 1227 4060 1261 4098; x_wconf 80' lang='lat' dir='ltr'>ear</span> <span class='ocrx_word' id='word_1_289' title='bbox 1279 4061 1351 4109; x_wconf 83' lang='lat' dir='ltr'>roa.;</span> <span class='ocrx_word' id='word_1_290' title='bbox 1361 4041 1417 4110; x_wconf 81' lang='lat' dir='ltr'>suit</span> 
     </span>
     <span class='ocr_line' id='line_1_36' title="bbox 278 4129 1421 4205; baseline -0.005 -17"><span class='ocrx_word' id='word_1_291' title='bbox 278 4136 388 4205; x_wconf 88' lang='lat' dir='ltr'>implere</span> <span class='ocrx_word' id='word_1_292' title='bbox 408 4135 433 4188; x_wconf 87' lang='lat' dir='ltr'><em>L</em></span> <span class='ocrx_word' id='word_1_293' title='bbox 517 4132 665 4202; x_wconf 87' lang='lat' dir='ltr'>procedent</span> <span class='ocrx_word' id='word_1_294' title='bbox 687 4133 710 4186; x_wconf 90' lang='lat'><strong><em>0</em></strong></span> <span class='ocrx_word' id='word_1_295' title='bbox 729 4133 875 4204; x_wconf 87' lang='lat' dir='ltr'>procidunt</span> <span class='ocrx_word' id='word_1_296' title='bbox 891 4134 924 4187; x_wconf 86' lang='lat' dir='ltr'><em>N</em></span> <span class='ocrx_word' id='word_1_297' title='bbox 940 4133 1089 4203; x_wconf 86' lang='lat' dir='ltr'>procedunt</span> <span class='ocrx_word' id='word_1_298' title='bbox 1107 4133 1133 4186; x_wconf 90' lang='lat' dir='ltr'><strong><em>L</em></strong></span> <span class='ocrx_word' id='word_1_299' title='bbox 1222 4134 1256 4188; x_wconf 77' lang='lat'>‘31</span> <span class='ocrx_word' id='word_1_300' title='bbox 1277 4137 1350 4188; x_wconf 83' lang='lat' dir='ltr'>terra</span> <span class='ocrx_word' id='word_1_301' title='bbox 1367 4129 1421 4185; x_wconf 78' lang='grc' dir='ltr'>ΝΤ</span> 
     </span>
     <span class='ocr_line' id='line_1_37' title="bbox 277 4221 990 4290; baseline 0 -14"><span class='ocrx_word' id='word_1_302' title='bbox 277 4223 311 4276; x_wconf 72' lang='lat'>⁶22</span> <span class='ocrx_word' id='word_1_303' title='bbox 332 4223 536 4276; x_wconf 73' lang='lat' dir='ltr'>cambonem.</span> <span class='ocrx_word' id='word_1_304' title='bbox 558 4225 576 4274; x_wconf 88' lang='lat'><strong><em>3</em></strong></span> <span class='ocrx_word' id='word_1_305' title='bbox 595 4221 660 4274; x_wconf 85' lang='lat' dir='ltr'>cdd.</span> <span class='ocrx_word' id='word_1_306' title='bbox 681 4223 725 4290; x_wconf 90' lang='lat' dir='ltr'>qui</span> <span class='ocrx_word' id='word_1_307' title='bbox 745 4222 772 4276; x_wconf 85' lang='lat' dir='ltr'><em>R</em></span> <span class='ocrx_word' id='word_1_308' title='bbox 845 4224 872 4276; x_wconf 87' lang='lat' dir='ltr'>ia</span> <span class='ocrx_word' id='word_1_309' title='bbox 890 4221 990 4278; x_wconf 85' lang='lat' dir='ltr'>om.G</span> 
     </span>
    </p>
   </div>
   <div class='ocr_carea' id='block_1_6' title="bbox 0 0 1553 4959">
    <p class='ocr_par' dir='ltr' id='par_1_8' title="bbox 0 0 1553 4959">
     <span class='ocr_line' id='line_1_38' title="bbox 0 0 1553 4959; baseline 0 0"><span class='ocrx_word' id='word_1_310' title='bbox 0 0 1553 4959; x_wconf 95' lang='lat' dir='ltr'> </span> 
     </span>
    </p>
   </div>
  </div>
 </body>
</html>
