3092 4959
281 397 346 460 324
635 396 664 450 S.
693 397 831 451 Aureli
859 397 1078 466 Augustini

121 585 254 649 1111149
323 591 365 655 Et
383 590 422 654 de
437 591 591 673 spiritalis
612 591 740 674 quidem
759 591 898 674 corporis
919 591 1084 673 qualitate,
1104 590 1189 674 quod
1209 592 1418 656 resurrecturis

5 686 6 721 r
278 698 487 782 promittitur,
506 699 561 765 uel
578 697 702 763 discere
721 698 843 780 aliquid
861 698 964 762 adhuc
982 699 1034 762 uel
1058 717 1206 780 quaerere
1230 718 1291 764 nou
1310 715 1419 772 recuso,

280 805 307 869 si
335 810 442 873 tamen
472 804 509 868 de
538 803 597 868 hac
625 822 658 866 re
687 803 887 886 disputantes
917 805 984 869 illis
1012 804 1102 869 uitiis
1131 823 1237 869 carere
1259 805 1419 888 possimus.

279 931 359 994 quae
378 911 567 994 plerumque
587 910 703 976 studiis
721 911 871 976 humanis
887 915 919 976 et
938 909 1228 976 concertationibus
1248 912 1420 984 excitantur,

279 1018 355 1082 dum
371 1037 495 1102 supra,
515 1036 623 1100 quam
643 1018 912 1100 scriptumest,
932 1037 1028 1084 unus
1048 1036 1111 1101 pro
1132 1018 1253 1082 altero
1273 1017 1422 1082 infletur
1444 1039 1453 1078 s

279 1124 466 1193 aduersus,
489 1124 661 1202 alterum,
679 1144 728 1201 ne,
750 1125 826 1189 dum
850 1125 1029 1190 altercando
1051 1125 1238 1208 quaerimus
1262 1125 1421 1208 uestigare.

279 1250 342 1313 quc
358 1230 452 1297 modo
467 1233 572 1315 possit
585 1231 688 1298 uideri
703 1233 792 1307 deus,
808 1232 911 1315 ipsam
926 1250 1054 1315 pacem
1069 1230 1422 1296 sanctificationem·

279 1355 349 1420 que
372 1337 554 1422 perdamus,
578 1340 660 1404 sine
679 1358 750 1422 qua
768 1357 874 1404 nemo
895 1338 1039 1421 poterit
1058 1337 1188 1403 uidere
1207 1336 1328 1413 deum;
1348 1335 1422 1420 quod
1498 1321 1501 1342 '

279 1447 347 1526 ipse
367 1448 491 1510 auertat
505 1465 523 1509 a
537 1445 686 1510 cordibus
701 1446 830 1523 nostris,
845 1448 883 1509 ut
898 1464 934 1509 ea
949 1464 1025 1510 suae
1041 1443 1302 1526 contemplationi
1315 1441 1424 1508 munda

279 1551 391 1615 reddat
422 1554 517 1633 atque
550 1551 720 1616 custodiat.
755 1551 837 1615 illud
870 1557 976 1615 tamem
1009 1551 1084 1633 quia
1115 1569 1176 1614 non
1210 1549 1334 1630 dubito,
1370 1567 1457 1614 nono

279 1657 414 1739 requiro,
448 1657 533 1739 quod
566 1657 617 1722 dei
649 1661 763 1723 natura
798 1665 972 1740 numquam
1005 1657 1154 1722 uideatur
1183 1657 1216 1720 in
1251 1657 1333 1722 loco.
1367 1656 1422 1719 iarn

279 1768 387 1828 utrum
415 1763 520 1846 possit
549 1763 646 1829 huius
679 1765 820 1848 corporis
853 1765 955 1829 oculis
988 1764 1091 1829 uideri
1123 1763 1255 1846 aliquid,
1289 1761 1372 1846 quod
1395 1763 1423 1825 in

278 1873 349 1936 loco
373 1889 434 1936 non
460 1872 597 1949 uidetur,
621 1871 660 1934 ab
679 1871 737 1949 eis,
761 1872 817 1955 qui
836 1871 897 1936 boc
915 1871 1025 1936 ualent
1043 1871 1227 1937 disserendo
1246 1873 1423 1936 monstrare.

277 1996 353 2042 cum
375 1995 462 2059 paee
477 1977 657 2043 dilectionis
682 1977 791 2042 audire
815 1981 944 2061 paratus
969 1998 1041 2043 sum
1066 1983 1107 2056 et,
1132 1978 1219 2062 quod
1240 1997 1291 2042 mo
1312 1981 1423 2045 mouet

276 2085 308 2147 in
338 2102 504 2148 commune
533 2085 683 2150 conferre.
719 2088 795 2149 sunt
822 2086 904 2148 enim
935 2084 1076 2167 quidam,
1109 2085 1164 2167 qui
1197 2085 1291 2148 deum
1326 2084 1458 2165 ipsumn

277 2191 404 2256 omnino
438 2210 553 2273 corpus
586 2211 657 2256 esso
689 2197 899 2275 praesumunt
934 2195 1094 2275 putantes,
1133 2191 1285 2276 quicquid
1318 2209 1424 2273 eorpus

277 2301 422 2372 nonest,
450 2297 571 2362 nullam
599 2316 730 2381 prorsus
759 2317 830 2364 esse
859 2299 1083 2364 substantiam.
1114 2299 1195 2364 istos
1224 2299 1309 2364 omni
1337 2297 1422 2362 modo

278 2404 471 2470 auersandos
491 2422 612 2470 censeo.
632 2410 708 2468 sunt
725 2407 833 2469 autem
853 2405 909 2469 alii
927 2404 1021 2469 deum
1043 2404 1171 2487 quidem
1190 2405 1297 2486 ipsum
1318 2421 1421 2485 corpus

278 2530 339 2575 non
371 2529 442 2575 esse
475 2511 605 2576 minimo
636 2511 833 2590 dubitantes,
871 2511 926 2576 sod
963 2511 1034 2576 ideo
1066 2530 1133 2590 eos,
1170 2511 1225 2595 qui
1255 2510 1298 2576 ad
1330 2511 1420 2575 uitam

278 2620 440 2681 aeternam
467 2620 644 2700 resurgent,
677 2617 773 2682 otiam
801 2636 858 2700 per
885 2636 1000 2702 corpus
1029 2617 1124 2682 deum
1152 2619 1280 2684 uisuros
1308 2617 1419 2702 putant,
1433 2637 1453 2675 a

278 2724 430 2804 quoniam
452 2725 550 2791 talem
574 2725 701 2806 sperant
723 2724 878 2808 spiritalis
898 2724 1039 2808 corporis
1058 2725 1257 2808 qualitatem,
1280 2726 1318 2789 ut
1335 2723 1419 2788 etiam

278 2833 357 2912 ipsa,
382 2849 463 2913 quae
486 2849 559 2896 caro
582 2831 696 2909 fuerat,
722 2831 855 2914 spiritus
878 2829 943 2896 fiat.
967 2831 1099 2913 quodsi
1123 2831 1169 2896 ita
1188 2834 1253 2908 est,
1278 2833 1417 2912 quantun

280 2937 379 3002 distet
391 2956 409 3001 a
423 2936 584 3019 superiore
604 2938 750 3019 opinione
765 2941 798 3002 et
812 2957 906 3019 quam
923 2937 983 3002 hoc
1003 2937 1047 3001 sit
1064 2936 1274 3014 tolerabilius,
1294 2933 1416 3001 etiamsi

279 3063 392 3108 uerum
414 3062 476 3108 non
504 3045 558 3122 sit,
586 3048 664 3128 puto
692 3044 844 3110 facillime
872 3044 1020 3109 iudicari:
1048 3044 1161 3128 primo,
1191 3044 1267 3126 quia
1293 3043 1417 3108 multum

278 3152 422 3225 interest,
459 3154 568 3215 utrum
601 3152 639 3215 de
677 3155 817 3215 creatore
854 3171 892 3215 an
927 3151 965 3214 de
1002 3154 1144 3216 creatura
1182 3150 1276 3215 aliter
1311 3143 1417 3230 aliquid
1431 3166 1452 3206 e

274 3259 446 3336 ,sentiatur
481 3277 575 3339 quam
604 3259 723 3322 ueritas
752 3259 861 3333 habet3
896 3258 1018 3334 deiude,
1048 3259 1121 3340 quia
1150 3264 1283 3323 conatus
1315 3251 1415 3320 montis

371 3468 387 3520 5
406 3462 420 3516 Ι
441 3463 501 3521 Cer.
521 3468 547 3528 4,
567 3465 583 3518 6
640 3467 655 3518 7
674 3465 758 3519 Hebr.
780 3465 822 3530 12,
843 3466 876 3518 14

318 3589 330 3641 1
351 3589 470 3659 spiritali
488 3589 526 3643 Μ
621 3590 835 3649 resurrectionis,
855 3607 889 3642 m.
909 3594 924 3643 1
943 3607 1012 3644 corr.
1031 3590 1224 3644 resurrecturis
1242 3589 1280 3644 M
1360 3585 1413 3640 are

278 3695 340 3740 om..
359 3695 393 3732 m.
414 3681 434 3731 2
453 3679 519 3732 add.
542 3677 565 3731 0
656 3677 824 3746 disputantis
843 3677 935 3732 ΗΜΛ
1030 3695 1100 3746 care,
1118 3696 1152 3735 m.
1171 3682 1188 3732 1
1206 3695 1276 3734 corr.
1295 3668 1416 3733 caremF

315 3783 458 3837 possumus
481 3767 533 3821 Tc
572 3769 776 3835 biuuestigare
794 3767 884 3820 MFL
902 3784 929 3820 m
970 3767 1071 3821 ideus
1089 3767 1177 3822 uideri
1196 3768 1223 3821 L
1264 3757 1414 3821 euidenti

279 3857 376 3926 §lipsa
398 3855 475 3910 ΥΟΕ
541 3856 573 3909 10
592 3854 689 3909 reddet
707 3854 734 3908 L
798 3856 832 3908 12
851 3855 953 3920 uidere,
971 3871 1006 3911 m.
1026 3859 1046 3908 2
1065 3854 1150 3908 uideri
1170 3855 1197 3908 P
1257 3855 1289 3910 13
1307 3855 1412 3907 horon.

280 3945 429 3998 HMFAP
445 3945 505 4001 edd.
522 3950 636 4013 praeter
652 3961 680 4000 m
736 3944 768 3997 14
789 3950 934 4012 cumpace
955 3947 1000 4007 (ω
1020 3947 1101 4009 erae.)
1121 3943 1149 3996 P
1203 3931 1414 3998 dilectationisH

315 4033 412 4087 simP
480 4033 512 4086 16
533 4049 592 4087 esse
611 4049 726 4094 om.‚-m.
746 4039 761 4084 1
781 4031 846 4084 odd.
866 4031 903 4084 M
966 4033 997 4084 17
1018 4029 1201 4100 omnimodo]
1223 4031 1327 4084 omnino
1348 4021 1412 4080 TOL

282 4123 314 4175 18
332 4129 399 4189 post
416 4125 507 4175 autem
525 4137 582 4176 rus.
601 4124 677 4174 2-3
696 4121 713 4176 l.
734 4120 760 4172 L
833 4120 891 4172 alii·
908 4119 942 4172 H
993 4119 1028 4172 20
1046 4123 1192 4189 resurgunt
1214 4117 1264 4172 sl,
1314 4115 1411 4181 tinet!

279 4213 339 4279 ipsa
356 4227 413 4266 ras.
433 4215 504 4263 r-2
522 4211 541 4264 1.
560 4211 587 4264 L
677 4211 712 4264 23
732 4227 748 4262 a
766 4210 898 4278 superiori
916 4209 940 4262 Τ
958 4207 1019 4262 edd.
1039 4209 1184 4278 asperiore,
1203 4225 1238 4263 m.
1254 4211 1274 4262 2
1291 4201 1409 4273 uesperi·

280 4299 373 4353 oreO
446 4299 589 4353 tolerabile
609 4299 637 4352 P
746 4352 748 4355 .
