3092 4959
520 422 787 495 epistularum
816 422 893 481 cix.
1217 431 1285 497 505

130 619 272 701 generat,
296 620 354 683 ant
375 617 454 683 rutio
479 616 574 683 deum
598 620 655 683 unt
677 617 757 683 dene
779 616 946 685 tutionem.
970 618 1152 687 enbioetnm
1175 624 1283 687 autem

130 726 188 788 aut
205 724 238 789 in
259 723 405 791 enbieoto
429 724 510 790 torte
534 724 659 790 dicatur
681 724 764 791 ratio
785 728 817 790 et
835 724 925 793 dene.
950 726 1029 792 dene
1049 728 1083 793 ei
1099 727 1180 793 ratio
1199 748 1285 794 unns

128 829 162 893 in
185 848 261 897 uuo.
286 832 368 897 bene
391 834 498 897 antem
526 833 606 897 (lene
629 836 762 919 generet
787 832 953 913 notionem,
981 834 1056 917 quia
1083 835 1163 900 ratio
1188 834 1284 902 (lenm

128 956 201 1005 enee
224 937 430 1006 demonstrat
451 938 650 1023 intellegitur
673 943 781 1005 antem
805 938 884 1005 deuo
908 958 927 1003 a
949 941 1071 1007 ratione
1095 946 1132 1006 nt
1154 941 1240 1008 filius
1264 963 1286 1009 a

95 1048 219 1128 spone
243 1048 275 1111 et
295 1047 377 1112 ratio
402 1066 422 1113 u
443 1045 502 1113 deo
525 1050 566 1111 ut
586 1049 677 1129 pater
700 1066 720 1111 u
741 1046 819 1113 tilio.
848 1065 921 1111 uam
946 1050 978 1113 et
1000 1048 1070 1132 ipee
1098 1048 1179 1113 rutio
1208 1068 1282 1114 eum

128 1151 188 1219 deo
221 1152 302 1219 deuo
333 1158 394 1221 eet.
425 1154 639 1239 nequeenim
667 1153 747 1220 (leue
777 1154 947 1237 aliquando
975 1155 1044 1221 eine
1071 1155 1193 1223 ratione
1220 1157 1285 1221 fuit

127 1262 186 1325 ant
207 1260 288 1326 ratio
313 1261 381 1326 eine
405 1259 474 1327 deo.
502 1266 580 1327 tune
605 1262 689 1327 enim
712 1265 763 1326 eet
787 1261 877 1339 deus,
906 1261 933 1327 si
958 1264 1122 1342 miratio,
1152 1266 1184 1329 et
1206 1266 1285 1329 tuno

127 1365 225 1445 filine,
254 1368 283 1432 ni
310 1371 361 1433 eet
385 1371 487 1451 puter,
514 1374 562 1445 nt,
590 1368 618 1435 ei
645 1368 727 1433 ratio
754 1368 926 1447 anferatur,
960 1368 1045 1436 sieut
1072 1370 1194 1435 dietum
1222 1374 1284 1449 eei,

127 1473 214 1555 qnod
233 1473 297 1538 diei
314 1476 364 1539 fae
383 1494 444 1541 non
464 1482 524 1553 eet,
544 1495 583 1540 ne
601 1475 671 1559 ipse
689 1475 820 1558 quidem
840 1476 919 1541 deun
943 1480 1006 1553 eet3
1030 1496 1087 1559 per
1110 1476 1179 1543 eine
1199 1477 1282 1543 enim

78 1597 110 1639 ιο
126 1580 284 1647 rationem
316 1585 367 1647 eet
397 1585 489 1649 aetus
519 1586 551 1648 et
579 1584 733 1665 operatio,
765 1583 874 1649 nteit
907 1583 996 1651 dene.
1027 1601 1139 1650 rnrens
1172 1584 1283 1649 eadem

128 1687 284 1756 dicamne.
309 1689 338 1753 ei
359 1690 441 1756 ratio
465 1710 526 1757 non
550 1690 623 1767 luit
648 1689 727 1757 dene
750 1710 811 1757 non
835 1690 898 1756 luit
921 1693 961 1770 et,
985 1690 1013 1757 ei
1032 1690 1112 1755 dene
1136 1708 1199 1755 non
1222 1695 1282 1769 est,

62 1830 66 1842 ·
126 1794 209 1859 ratio
242 1814 303 1860 non
335 1796 408 1861 fuit
438 1796 520 1862 ratio
553 1816 627 1881 ergo
657 1800 689 1862 et
717 1797 796 1862 dene
824 1798 1017 1883 sempiterna
1043 1814 1108 1872 res3
1142 1796 1222 1863 dene
1251 1800 1286 1863 et

126 1902 208 1966 ratio
232 1902 331 1967 simili
354 1903 448 1969 modo
472 1923 523 1969 ree
547 1905 750 1988 sempiterna.
775 1904 904 1971 conexio
929 1908 1036 1971 nutem
1060 1907 1157 1989 etque
1179 1904 1282 1969 unitio

126 2006 261 2074 rationis
289 2008 330 2074 ad
357 2009 452 2075 deum
480 2012 514 2075 et
541 2010 594 2075 dei
620 2011 661 2076 ad
687 2010 854 2089 rationem,
881 2011 982 2094 putris
1011 2012 1050 2076 ud
1077 2010 1191 2093 filium,
1224 2010 1283 2075 lilii

77 2131 108 2173 1⁵
127 2112 169 2179 ad
195 2118 319 2198 patrem
349 2115 506 2200 principie
537 2118 600 2182 eibi
632 2118 770 2201 quodam
803 2118 898 2184 modo
927 2122 959 2184 et
986 2136 1099 2183 caueae
1127 2117 1283 2182 existendi

127 2225 301 2305 praestent,
325 2224 401 2306 qnia
423 2224 558 2289 alterum
582 2225 651 2290 eine
679 2226 780 2292 ultero
805 2244 876 2291 esee
903 2245 964 2290 non
992 2228 1109 2308 potent.
1136 2223 1284 2290 deficitur

127 2326 161 2391 iu
187 2328 297 2393 uerbis
324 2331 368 2406 et,
396 2331 621 2412 qnodoumqne
649 2330 777 2409 dieitur,
805 2350 843 2397 ne
868 2331 1008 2396 sileatur.
1037 2334 1146 2395 utrum
1174 2333 1281 2395 antem

128 2452 259 2518 germen
279 2434 413 2500 rationis
438 2435 534 2501 deum
557 2436 700 2501 dieamus
724 2455 763 2501 uu
789 2436 839 2502 dei
862 2455 991 2521 germen
1013 2437 1179 2517 rationem,
1208 2436 1285 2520 quia

126 2558 186 2607 nee
217 2541 341 2607 frenetur
374 2542 442 2607 eine
473 2542 580 2607 rudiee
613 2561 683 2607 ease
715 2547 824 2626 potest
855 2562 913 2608 nee
945 2542 1033 2608 radix
1071 2542 1139 2607 sine
1175 2542 1283 2607 fruotn

77 2664 111 2705 ¹⁰
127 2648 250 2731 aliquid
272 2653 343 2716 est?
367 2649 545 2716 similitudo
566 2650 610 2715 eit
627 2650 733 2727 dueta
757 2655 796 2714 ut
814 2650 964 2732 quiddam
987 2649 1224 2734 intellegentiae
1244 2648 1284 2713 de

127 2754 187 2820 deo
216 2755 375 2840 signetur;
405 2756 489 2822 uiuit
515 2756 600 2822 enim
624 2761 658 2822 et
678 2756 711 2821 in
735 2776 834 2841 grano
861 2757 963 2823 tritici
988 2759 1069 2823 ratio
1097 2754 1283 2833 sneundune,

128 2880 193 2944 quo
216 2861 326 2927 sterile
349 2881 409 2929 non
434 2862 551 2927 sinitur
573 2882 660 2939 eese3
685 2863 742 2929 eod
764 2863 881 2928 iterum
901 2864 928 2928 si
949 2882 1082 2949 granum
1101 2861 1202 2927 tritici
1221 2880 1282 2927 non

128 2971 228 3045 esset
252 2987 288 3032 er
311 2987 374 3052 qna
396 2988 430 3034 ne
452 2969 517 3035 ietu
539 2968 737 3054 produceret,
761 2970 843 3035 ratio
868 2988 929 3034 non
953 2969 1094 3035 haberet.

176 3074 256 3141 Cum
280 3076 380 3160 igitur
400 3076 494 3155 ratio,
522 3096 604 3159 quae
627 3077 705 3142 dens
730 3081 790 3153 eet,
819 3080 875 3141 aut
899 3076 1048 3142 ostendet
1071 3075 1165 3140 deum
1188 3076 1283 3139 ratio-

78 3198 110 3239 ne
128 3201 202 3246 nem
230 3184 287 3246 aut
313 3182 469 3248 rationem
496 3202 567 3247 esee
595 3182 691 3247 deum
720 3202 818 3247 unum
847 3181 984 3265 quodam
1018 3181 1112 3247 modo
1146 3180 1282 3245 alterum

166 3354 184 3407 2
213 3359 262 3411 eut
288 3356 327 3425 in]
355 3361 384 3411 et
405 3356 434 3410 in
457 3355 496 3410 P²
604 3356 737 3423 subiecto,
765 3372 834 3411 eona.
863 3356 1014 3411 subiectum
1042 3354 1081 3409 Pa
1107 3354 1233 3409 enbieotn
1257 3354 1285 3407 P

166 3452 238 3498 unt·
256 3445 358 3514 (faeiem
374 3444 433 3500 uid.
454 3444 528 3513 Μ
598 3446 614 3498 3
633 3450 748 3515 generet
767 3446 912 3514 rationem]
930 3444 1135 3513 generationem
1155 3443 1183 3496 P
1198 3446 1244 3512 (m.
1264 3446 1286 3496 2

129 3534 460 3601 generatratiouethl
495 3535 513 3588 4
522 3552 569 3603 pr.
583 3535 609 3605 a}
629 3552 662 3588 ea
680 3534 787 3587 P.V
824 3535 929 3588 iratio
948 3533 1017 3603 nine]
1037 3532 1096 3587 sine
1117 3536 1161 3598 (m.
1181 3536 1202 3586 2
1220 3532 1285 3599 del.)

129 3624 202 3678 ratio
220 3622 280 3677 eine
298 3622 336 3677 P¹
467 3624 594 3679 euidens
613 3640 675 3692 om,
693 3641 715 3678 e.
734 3641 762 3677 ee.
783 3628 825 3677 eet
843 3640 877 3677 m.
897 3628 912 3677 1
931 3623 996 3677 odd.
1015 3620 1055 3675 1²²
1074 3622 1140 3675 dene
1160 3626 1203 3675 eet
1221 3622 1282 3675 edd.

128 3712 252 3782 eelim]
271 3713 344 3767 liliun
362 3718 404 3768 est
422 3730 449 3767 m
504 3720 544 3777 ut,
563 3732 595 3769 aaz.
616 3718 636 3767 2
654 3713 781 3777 etSnt
800 3730 834 3769 m.
855 3718 871 3767 1
892 3728 961 3767 corr.
979 3712 1038 3765 uid.
1059 3712 1131 3765 utV
1167 3711 1200 3766 10
1220 3727 1283 3780 ope-

128 3804 201 3869 rato,
218 3818 254 3855 m.
274 3804 295 3856 2
312 3804 433 3872 operatio
451 3802 480 3856 P
567 3804 615 3872 eit]
633 3803 657 3855 ei
676 3800 715 3855 P²
789 3803 821 3854 12
840 3802 895 3870 ree]
914 3817 958 3855 res
977 3804 1006 3853 et
1023 3800 1084 3853 edd.
1159 3798 1283 3868 denset]

129 3894 161 3943 et
179 3888 246 3944 (leue
264 3891 292 3944 P
328 3893 361 3947 13
379 3910 422 3945 ren
441 3909 491 3950 om.
510 3891 550 3945 P²
593 3895 626 3946 14
644 3892 692 3956 nli,
711 3909 746 3945 m.
764 3896 781 3944 1
799 3906 868 3947 corr.
888 3890 938 3944 filii
957 3888 1078 3953 P³filia,
1096 3886 1284 3943 111.211111Ρ1

131 3978 167 4032 17
186 3978 295 4042 dieitur,
314 3980 350 4034 ud
367 3980 419 4035 hoo
437 3980 546 4047 dicitur,
565 3998 599 4035 ne
618 3981 732 4035 silentur
744 3997 772 4033 m
843 3996 877 4033 ne
892 3978 1006 4033 sileatur
1020 3994 1071 4032 om.
1086 3976 1126 4030 P²
1176 3978 1209 4030 19
1224 3977 1283 4029 eine

130 4068 223 4122 fruotn
241 4068 316 4122 radix
330 4068 391 4123 edo.
428 4070 464 4124 20
478 4069 641 4139 similitudo]
662 4070 744 4123 simili
763 4068 844 4122 modo
859 4066 952 4121 P¹SV
1005 4067 1042 4121 eit
1061 4066 1142 4120 dueta
1160 4070 1200 4131 ut,
1214 4082 1249 4118 m.
1264 4069 1286 4119 2

130 4155 283 4211 sintdlote
301 4157 429 4213 utSait
447 4158 659 4224 duetu,autP²
732 4158 905 4228 quidan1‚m.
925 4154 1135 4224 2quiddam5'
1201 4156 1233 4209 21
1256 4160 1286 4208 et

129 4264 184 4302 om.
203 4245 242 4301 1²²
282 4246 317 4300 22
336 4264 399 4317 quo,
417 4265 452 4302 on.
470 4253 503 4302 oet
520 4249 579 4303 uid.
599 4254 614 4301 1
632 4264 702 4303 corr.
722 4246 795 4317 quod
814 4246 852 4301 P³
871 4244 944 4315 qnod
962 4246 990 4299 P
1008 4262 1061 4314 qna
1078 4262 1105 4299 m
1159 4260 1283 4314 granum,

129 4336 345 4405 m.2grunoP
379 4336 488 4390 aem
507 4336 533 4389 V
568 4338 603 4390 24
623 4325 665 4389 eet
683 4334 773 4390 om.S
808 4337 843 4390 25
863 4334 978 4388 alterurn
999 4335 1019 4399 (l
1037 4334 1069 4387 ia
1087 4350 1143 4389 roe.
1162 4350 1196 4387 m.
1213 4336 1242 4398 2)
1258 4333 1287 4385 Ρ
