3092 4959
270 208 289 269 2
629 204 656 257 S.
684 203 822 257 Aureli
849 205 1066 274 Augustini

224 396 245 459 2
313 400 427 464 Dicam
451 399 559 483 igitur,
584 416 681 482 quare
707 416 769 465 non
798 398 939 463 uenerim
968 400 1001 463 et
1027 398 1143 481 quibus
1172 399 1265 463 malis
1290 418 1308 461 a
1330 403 1419 464 tanto

270 507 352 571 bono
376 506 551 588 impeditus
576 524 659 583 sum,
677 509 718 569 ut
738 524 799 570 non
824 506 930 570 solum
949 524 967 569 a
986 505 1078 569 uobis
1098 506 1223 569 ueniam
1244 505 1299 571 sed
1323 507 1420 571 stiam

186 680 190 687 ,
269 614 387 677 uestris
412 612 608 678 orationibus
633 610 672 677 ab
695 612 762 688 illo,
784 612 839 694 qui
862 612 893 675 in
917 612 1022 688 uobis,
1043 611 1127 694 quod
1150 613 1179 676 ei
1202 612 1327 690 uiuitis,
1347 632 1420 696 ope·

268 723 366 797 ratur,
395 737 515 784 merear
547 719 806 783 misericordiam.
842 718 980 801 populus
1012 718 1250 801 Hipponiensis,
1284 719 1335 783 cui
1367 739 1420 783 me

272 825 419 891 dominus
445 844 574 890 seruum
598 824 694 904 dedit,
715 844 788 889 oum
813 845 849 889 ex
867 844 982 909 magna
1005 844 1041 889 ac
1064 844 1142 907 pene
1167 826 1307 890 exomni
1330 829 1419 909 parte
1453 854 1466 891 s

268 932 315 995 ita
336 931 479 996 infirmus
504 932 557 1010 sit,
576 936 613 995 ut
636 949 785 1013 pressura
808 931 905 995 etiam
928 931 1058 995 leuioris
1077 931 1293 996 tribulationis
1316 934 1422 1015 possit

270 1038 413 1121 grauiter
435 1042 608 1123 aegrotare,
633 1056 716 1102 nunc
740 1041 805 1101 tam
829 1057 946 1121 magna
967 1038 1173 1102 tribulatione
1197 1039 1349 1116 caeditur,
1372 1043 1420 1117 ut,

270 1146 503 1211 etiamsinon
532 1146 579 1209 sic
607 1147 695 1209 esset
721 1144 875 1225 infirmus,
899 1146 953 1209 uix
982 1164 1049 1209 eam
1079 1165 1152 1209 curn
1180 1146 1287 1228 aliqua
1315 1147 1420 1211 salute

270 1253 368 1316 animi
391 1253 573 1317 sustineret.
598 1270 672 1315 eum
695 1254 813 1329 autern,
834 1271 907 1316 cum
930 1251 1024 1317 modo
1045 1271 1211 1335 regressus
1235 1272 1318 1332 sum,
1338 1254 1419 1337 peri-

271 1358 473 1425 culosissims
500 1358 747 1424 scandalizatum
777 1357 916 1440 comperi
944 1359 983 1422 do
1011 1359 1155 1423 absentia
1182 1380 1264 1435 mea;
1300 1361 1419 1426 uestris
1439 1385 1466 1423 lo

270 1470 388 1543 autem,
408 1464 446 1530 de
470 1483 603 1548 quorum
629 1464 765 1546 spiritali
787 1464 899 1530 robore
923 1463 1101 1548 gaudemus
1124 1466 1156 1529 in
1175 1465 1312 1541 domino,
1332 1467 1419 1531 sanis

270 1574 383 1656 ntique
396 1572 542 1637 faucibus
562 1572 646 1654 sapit
661 1590 722 1653 quo
737 1570 831 1636 modo
853 1570 970 1637 dictum
987 1571 1046 1635 sit:
1062 1571 1161 1651 Quis
1180 1572 1420 1637 infirmatur

273 1684 311 1745 ct
336 1699 406 1764 ego
426 1697 499 1743 non
518 1678 730 1742 infirmor?
752 1678 843 1759 quis
864 1678 1175 1742 scandalizatur
1194 1682 1232 1742 et
1252 1698 1324 1762 ego
1344 1697 1418 1743 non

271 1790 385 1852 uror?
418 1784 603 1868 praesertim
636 1784 785 1866 quoniam
817 1785 911 1848 mulii
945 1788 1019 1848 suni
1046 1784 1108 1862 hic,
1139 1785 1193 1866 qui
1226 1784 1418 1849 detrahendo

272 1893 364 1958 nobis
382 1894 559 1956 ceterorum
578 1889 710 1967 animas,
730 1908 748 1953 a
767 1890 883 1972 quibus
904 1890 994 1973 diligi
1011 1890 1168 1967 uidemur,
1187 1891 1341 1957 aduersus
1360 1910 1418 1957 uos
1439 1917 1465 1955 15

272 2000 453 2083 perturbare
482 2000 644 2075 conantur,
672 1999 709 2059 ut
740 1997 848 2060 locum
879 1996 911 2061 in
945 1996 991 2060 eis
1025 1996 1149 2060 diabolo
1182 1998 1311 2062 faciant,
1344 2018 1419 2064 cunr

273 2108 380 2169 autem
402 2104 581 2168 irascuntur
600 2102 701 2179 nobis,
721 2102 759 2165 de
780 2122 914 2185 quorum
934 2103 1039 2167 salute
1059 2103 1246 2186 satagimus,
1265 2123 1419 2188 inagnum

273 2212 338 2276 illis
362 2210 530 2277 consilium
553 2208 735 2272 uindicandi
759 2212 809 2273 cst
830 2208 929 2273 libido
958 2209 1111 2278 moriendi
1139 2228 1201 2275 non
1228 2212 1260 2276 in
1288 2230 1419 2293 corpore

274 2318 389 2385 sedin
417 2315 520 2393 corde,
549 2316 605 2378 ubi
632 2316 727 2379 funus
757 2316 882 2381 occulte
915 2316 1002 2399 prius
1035 2335 1093 2381 suo
1126 2320 1238 2399 putore
1271 2318 1418 2392 sentitur,

273 2444 368 2507 quarn
395 2427 505 2488 nostra
532 2421 723 2514 cogitatione
752 2422 952 2505 prospicitur.
981 2423 1056 2486 huic
1088 2442 1177 2487 meae
1208 2423 1418 2489 sollicitudini
1437 2450 1464 2489 ao

272 2530 385 2614 procul
404 2529 500 2593 dubio
519 2530 655 2593 libenter
668 2529 846 2611 ignoscitis,
861 2529 1048 2611 praesertim
1068 2530 1227 2612 quoniam,
1242 2531 1270 2594 si
1289 2550 1419 2595 suscen-

273 2637 386 2703 seretis
414 2639 446 2701 et
473 2636 600 2701 uelletis
631 2636 752 2713 ulcisci,
781 2635 861 2699 nihil
892 2636 1026 2701 fortasse
1058 2636 1189 2719 grauius
1221 2637 1419 2716 inueniretis,

274 2765 368 2829 quarn
396 2743 438 2813 id.
468 2742 552 2825 quod
575 2743 686 2825 patior,
716 2761 789 2806 curn
818 2762 877 2807 uos
907 2742 1062 2826 Tagastae
1092 2762 1152 2807 non
1184 2743 1290 2811 uideo.
1324 2764 1418 2827 spero

273 2856 380 2917 autom
398 2852 514 2916 uostris
529 2850 658 2914 adiutus
674 2849 879 2926 orationibus,
894 2850 977 2931 quod
993 2849 1072 2913 mihi
1086 2849 1125 2913 ad
1139 2869 1208 2927 uos,
1223 2851 1419 2931 ubicumque

271 2958 305 3022 in
322 2957 431 3022 Africa
452 2957 588 3030 fueritis,
607 2956 714 3020 uenire
738 2955 926 3038 quantocius
950 2954 1150 3031 concedetur,
1169 2975 1242 3020 cum
1265 2956 1334 3035 hoc,
1353 2976 1417 3037 quo
1436 2978 1464 3021 ss

272 3082 355 3128 nunc
378 3063 525 3128 detentus
550 3082 631 3136 sum,
655 3061 861 3144 praeterierit,
885 3061 913 3124 si
936 3060 1014 3125 haec
1038 3061 1163 3137 ciuitas,
1187 3061 1218 3124 in
1247 3082 1308 3144 qua
1329 3062 1418 3127 labo·

272 3190 389 3247 ramus,
409 3169 504 3253 digna
521 3187 582 3233 non
603 3171 661 3244 est,
681 3168 755 3249 quia
773 3185 830 3230 neo
849 3185 907 3250 ego
927 3166 1028 3230 audeo
1048 3167 1174 3250 dignam
1194 3171 1316 3248 putare,
1336 3187 1417 3250 quae

272 3278 439 3342 nobiscum
462 3274 500 3339 de
523 3277 630 3339 uestra
653 3273 830 3356 praesentia
854 3273 1058 3337 conlaetetur.

264 3494 268 3503 “
363 3520 396 3573 12
414 3518 442 3574 11
460 3518 519 3575 cor.
541 3520 583 3586 11,
603 3519 637 3572 ao

308 3658 477 3713 lditsmV
520 3659 605 3712 2sini
624 3674 673 3711 sm
718 3656 792 3727 3in]
812 3674 836 3721 a,
855 3672 890 3710 m.
909 3660 924 3711 1
942 3673 1012 3710 corr.
1031 3658 1060 3710 in
1083 3656 1110 3711 U
1153 3658 1345 3726 4ipponensis
1364 3658 1419 3712 VU

272 3749 454 3818 Hipponensis
473 3748 533 3805 edd,
624 3749 640 3801 5
660 3750 688 3801 et
706 3746 739 3800 H
756 3746 815 3800 edd.
908 3748 1053 3815 lercgsre
1076 3746 1103 3800 T
1178 3746 1283 3800 ceditur
1305 3746 1421 3801 THRU

272 3836 394 3891 cneditnr
419 3836 485 3903 (fuit
508 3842 531 3903 r)
555 3836 582 3889 V
669 3837 685 3889 9
709 3835 789 3889 modo
814 3852 875 3889 cum
898 3835 958 3888 edd.
1050 3835 1083 3889 10
1106 3834 1328 3901 scandalicstum,
1346 3851 1416 3891 corr.

271 3924 481 3981 scandalizatum
505 3924 531 3977 V
620 3926 652 3978 15
671 3924 775 3977 animos
795 3924 855 3979 edd.
948 3925 980 3978 18
1004 3941 1057 3977 non
1081 3925 1110 3977 in
1132 3923 1211 3977 corde
1235 3924 1283 3977 sed
1306 3924 1333 3977 in
1359 3940 1416 3976 cor-

271 4012 385 4083 poreU
437 4014 471 4067 20
491 4013 654 4082 contagione
678 4012 704 4067 U
764 4014 799 4066 22
818 4013 937 4066 forieT
998 4015 1032 4068 25
1052 4014 1122 4082 curn]
1141 4029 1156 4065 o
1176 4029 1234 4065 curn
1254 4015 1280 4079 (o
1300 4016 1370 4081 rap.)
1393 4012 1420 4067 U

308 4099 381 4169 quod
401 4100 427 4154 Τ
