3092 4959
535 376 802 446 epistularum
830 375 947 431 CLXIX.
1253 379 1316 443 621

159 585 254 654 quam
296 572 466 657 religiosae
507 571 679 636 memoriae
716 571 904 636 Marcellino
941 590 1033 636 suam
1072 592 1142 637 esse
1180 573 1321 657 scripsit.

160 679 304 764 singulas
333 679 454 744 animas
483 697 581 744 nouas
610 679 817 743 nascentibus
844 679 923 757 lieri,
956 683 994 742 ut
1021 699 1082 744 nou
1111 680 1324 744 labefactetur

159 785 386 851 fundatissima
415 786 569 850 ecclesiae
598 785 688 862 fides,
722 805 785 868 qua
812 786 1002 850 inconcusse
1031 786 1201 865 credimus,
1236 788 1322 870 quod

159 894 197 958 iu
217 893 332 958 Adam
352 912 479 958 omues
499 893 713 958 moriuntur
733 897 774 968 et,
795 893 858 957 uisi
878 891 998 958 Christi
1018 894 1119 977 gratia
1137 894 1321 974 liberentur,

129 998 247 1081 equod
273 1019 329 1082 per
357 1019 452 1063 suum
481 985 715 1062 sacramentum
745 999 841 1062 etiam
870 998 901 1062 in
931 999 1074 1080 paruulis
1099 1002 1257 1082 operatur,
1288 1002 1319 1064 in

160 1105 457 1171 condemnationem
486 1105 664 1170 trahuntur.
693 1105 807 1188 scripsi
837 1113 870 1170 et
893 1106 992 1170 alium
1016 1106 1056 1170 ad
1080 1106 1227 1185 eundem,
1257 1127 1319 1190 quo

159 1213 255 1278 modo
286 1212 336 1277 illi
365 1212 514 1277 uideatur
541 1211 764 1295 accipiendum
793 1232 875 1289 esse,
910 1212 995 1295 quod
1024 1214 1180 1295 scriptum
1209 1217 1261 1280 eet
1286 1216 1318 1279 in

159 1319 300 1402 epistula
324 1319 447 1384 iacobi:
483 1316 720 1402 Quicumque
745 1325 869 1384 cutem
897 1323 1016 1386 totam
1044 1320 1168 1404 legem
1196 1341 1318 1386 serua-

159 1426 271 1503 uerit,
297 1426 469 1490 offendat
488 1429 611 1490 autem
632 1426 667 1489 in
686 1445 770 1498 uuo,
796 1427 923 1491 iactus
948 1429 1006 1490 est
1030 1426 1194 1490 omnium
1217 1446 1318 1492 reus.

112 1561 140 1598 ro
162 1533 219 1596 sed
247 1533 281 1598 in
308 1533 369 1598 hoc
398 1533 461 1596 diri
486 1533 593 1608 etiam,
622 1532 699 1616 quid
723 1531 803 1595 mihi
826 1533 984 1610 uideatur,
1012 1533 1044 1596 in
1068 1532 1124 1597 illo
1150 1537 1256 1598 autem
1281 1536 1320 1599 de

159 1639 284 1704 animae
304 1640 425 1722 origine
445 1642 580 1717 tantum,
606 1639 682 1721 quid
703 1639 730 1703 ei
750 1638 909 1715 uideatur,
934 1640 1164 1704 consultatoria
1182 1641 1317 1722 quadam

160 1746 377 1829 disputatione
398 1745 555 1827 quaesiui.
580 1745 781 1810 occasionem
801 1746 916 1829 quippe
937 1746 1104 1810 cuiusdam
1124 1747 1320 1813 sanctissimi

160 1857 194 1919 et
226 1853 457 1918 studiosissimi
489 1853 626 1929 iuuenis,
660 1853 839 1936 presbytcri
873 1853 987 1929 Orosii,
1028 1854 1083 1935 qui
1115 1854 1155 1918 ad
1188 1875 1246 1921 nos
1279 1856 1318 1920 ab

159 1959 277 2023 ultima
311 1958 478 2040 Hispania,
516 1958 549 2022 id
588 1964 638 2024 est
674 1959 712 2023 ab
752 1959 870 2024 Oceani
906 1960 1001 2025 litore
1033 1961 1102 2025 solo
1136 1965 1317 2026 sanctarum

112 2093 140 2132 re
161 2065 391 2148 seripturarum
425 2065 534 2130 ardore
563 2066 745 2130 flammatus
775 2066 915 2142 aduenit,
950 2066 1096 2131 amittere
1124 2069 1223 2132 nolui.
1255 2068 1317 2134 cui.

160 2176 197 2235 ut
216 2171 256 2236 ad
275 2171 368 2236 illum
388 2192 514 2256 quoqne
538 2177 694 2257 pergeret,
719 2173 873 2254 persuasi.
898 2173 974 2237 huic
998 2175 1094 2238 etiam
1118 2175 1181 2258 ipsi
1205 2175 1318 2240 Oresio

161 2278 201 2344 ad
239 2280 393 2361 quaedam
430 2279 634 2366 interrogata,
676 2299 756 2361 quae
793 2280 886 2344 illum
925 2280 963 2345 de
999 2281 1314 2347 Priscillianistarum

159 2385 284 2452 haeresi
303 2387 392 2450 etde
413 2385 560 2470 Origenis
579 2386 770 2468 quibusdam
792 2387 1006 2469 opinionibus,
1026 2407 1105 2468 quas
1124 2407 1184 2452 non
1203 2388 1319 2471 recipit

161 2493 306 2571 ecclesia,
344 2494 582 2577 permouebaut,
620 2513 682 2558 uno
721 2493 804 2558 libro
837 2514 899 2558 non
933 2494 1042 2577 granffl
1077 2498 1195 2576 quanta
1226 2497 1317 2578 potui

110 2629 141 2668 eo
159 2599 317 2663 breuitate
352 2605 384 2663 et
415 2600 644 2682 perspicuitate
683 2599 842 2682 respondi.
881 2600 996 2683 scripsi
1033 2601 1129 2664 etiam
1167 2602 1317 2686 grandem

161 2705 317 2788 quendam
350 2706 468 2770 librum
503 2706 657 2771 aduersus
686 2707 810 2791 Pelagii
837 2709 995 2772 haeresim
1024 2709 1213 2792 cogentibus
1242 2730 1316 2774 non-

160 2812 257 2877 nullis
298 2813 460 2890 fratribus
505 2813 621 2896 quibus
660 2817 768 2878 eontra
806 2815 943 2898 gratiam
981 2814 1100 2881 Christi
1138 2816 1317 2898 opinionem

160 2919 370 3002 perniciosam
399 2920 454 2984 1111
482 2923 692 3004 persuaserat.
723 2920 802 2985 haec
830 2923 935 2987 omnia
964 2922 991 2986 si
1020 2921 1135 2986 habere
1163 2922 1317 2998 uolueris,

160 3024 300 3106 aliquem
329 3025 434 3102 mitte,
463 3025 518 3106 qui
542 3025 602 3088 tibi
626 3027 743 3089 cuncta
766 3025 933 3090 describat.
962 3045 1013 3091 me
1037 3031 1144 3091 autem
1168 3028 1317 3110 permitte

111 3159 140 3200 es
160 3131 211 3195 his
240 3150 353 3196 uacare
383 3131 570 3213 quaerendis
599 3134 694 3214 atquc
724 3132 893 3210 dictandis,
923 3151 1003 3215 quae
1034 3135 1182 3216 quoniam
1205 3136 1318 3199 multis

250 3359 268 3410 4
286 3357 300 3411 I
320 3355 381 3412 Cor.
403 3358 443 3421 15,
463 3357 498 3411 22
554 3358 570 3412 8
589 3357 643 3414 Iac.
664 3359 688 3424 2,
711 3359 744 3412 10

199 3482 405 3537 lmarcellinus
430 3481 485 3536 VU
537 3481 823 3536 311111111111111Ι
873 3483 1010 3536 411111.
1032 3484 1059 3538 Τ
1135 3488 1317 3555 pergratiam

160 3572 257 3627 christi
280 3571 425 3625 THRVU
440 3587 489 3642 per
508 3571 613 3626 Christi
632 3572 748 3640 gretiam
767 3589 795 3624 m
886 3573 902 3625 6
922 3577 950 3626 ct
968 3591 1020 3627 om.
1040 3573 1067 3626 P
1084 3573 1145 3629 cdd.
1164 3581 1275 3643 praeter
1292 3593 1319 3627 m

161 3660 239 3715 'iilli
258 3676 320 3722 om,
339 3678 374 3714 m.
393 3665 409 3713 1
429 3660 494 3714 cdd.
514 3659 548 3714 H
619 3677 678 3714 esse
697 3677 749 3714 om.
773 3661 918 3716 THRVU
932 3679 960 3715 m
1030 3664 1060 3716 ll
1083 3665 1319 3730 consultatorium,

160 3765 230 3804 corr.
251 3749 449 3803 consultatoria
473 3749 499 3801 V
515 3749 700 3803 consolatoria
717 3749 746 3802 R
862 3752 895 3803 14
914 3751 1040 3820 hispania
1057 3752 1156 3805 ultima
1177 3751 1322 3808 THRVU

197 3838 390 3908 scripturarum
410 3841 564 3891 sanctarum
589 3837 644 3890 VU
738 3839 770 3891 15
790 3838 973 3893 inflammatus
995 3839 1081 3893 TVU
1090 3840 1201 3907 slrm,·
1222 3841 1257 3908 cf.
1278 3858 1318 3910 cp.

160 3926 291 3980 XXXII
303 3943 332 3995 p.
352 3929 397 3989 12,
416 3929 453 3980 18
508 3927 541 3980 17
560 3928 595 3993 in]
609 3930 637 3980 te
654 3931 754 3995 rogata
778 3927 804 3979 V
873 3929 951 3982 illum
969 3945 1021 3982 om.
1044 3927 1188 3984 THRVU
1237 3931 1320 3983 1811

161 4016 282 4084 origenis
307 4013 439 4068 Voces.
454 4021 569 4083 practer
588 4031 606 4067 α
693 4017 799 4086 recepit
810 4016 908 4082 firm
998 4017 1033 4071 20
1052 4016 1189 4071 breuitate
1208 4034 1269 4085 om,
1286 4018 1320 4071 s'a

159 4119 247 4172 toury.
272 4119 306 4159 m.
332 4105 352 4157 2
376 4103 442 4156 odd.
471 4103 497 4157 V
604 4103 697 4172 etiam]
724 4103 803 4157 etU
911 4105 1009 4158 librum
1034 4105 1163 4175 grandem
1184 4105 1319 4176 quendam

164 4189 311 4245 THRVU
356 4191 391 4245 23
411 4192 458 4244 1111
478 4192 655 4262 pernitiosam
673 4193 761 4263 ripeta
779 4209 848 4247 corr.
874 4193 900 4245 V
915 4195 1172 4263 perniciosissimam
1190 4195 1239 4248 ilie
1258 4195 1319 4248 edd.

161 4283 197 4335 24
217 4283 317 4334 cuncta
334 4280 387 4334 tibi
409 4281 467 4335 ΤΗ
