3092 4959
490 413 756 481 epistularum
784 411 918 469 CXLVII.
1219 421 1285 484 317

127 605 307 671 inlinmitati
339 605 462 672 animae
496 608 692 690 corporalem
729 609 1001 674 conuersationem
1039 612 1196 678 introrsus
1232 613 1286 679 uel

128 713 257 777 mittere
275 712 330 777 uel
348 712 528 791 admittere,
547 733 609 778 non
627 713 684 778 nbi
703 734 780 780 sana
799 715 965 794 consistat,
986 718 1042 782 sed
1061 719 1117 783 ubi
1134 719 1287 804 languida

130 820 269 902 quodam
292 819 388 885 modo
411 824 469 885 aut
489 821 656 886 incumbat
679 825 734 887 ant
756 823 870 888 iaceat.

48 917 86 979 43
173 926 322 1004 Proinde,
351 927 380 991 si
411 946 473 993 non
504 931 597 1010 potes
629 929 729 994 aciem
762 931 880 995 mentis
913 933 988 996 tuae
1017 951 1035 996 a
1067 951 1286 1016 corporearum

98 1050 111 1089 ⁶
129 1032 382 1098 similitudinum
407 1034 499 1117 qnasi
521 1035 631 1100 nubilo
654 1035 823 1120 perspicuo
847 1055 1002 1112 serenare,
1027 1057 1080 1104 eas
1098 1039 1185 1122 ipsas
1205 1039 1289 1124 apud

128 1142 164 1204 to
182 1141 285 1222 ipsam
303 1141 476 1225 uigilanter
489 1141 633 1206 adtende.
650 1143 774 1208 intuere
790 1144 915 1208 caelum
930 1148 963 1210 et
976 1147 1091 1210 terram
1107 1146 1288 1231 cogitando,

130 1246 218 1310 sieut
237 1245 339 1311 oculis
359 1247 501 1328 corporis
520 1248 676 1312 cernendo
699 1250 872 1329 consuesti,
897 1269 1014 1332 sasque
1033 1251 1189 1335 imagines
1208 1253 1288 1318 caeli

130 1356 165 1417 et
186 1357 299 1430 terrae,
327 1371 408 1436 quae
432 1357 504 1420 ante
528 1354 640 1421 oculos
665 1355 868 1439 cogitationis
897 1357 1071 1440 productae
1099 1363 1185 1437 sunt,
1213 1358 1289 1424 uide

130 1459 360 1525 similitudines
393 1479 560 1544 oorpomm
592 1481 674 1539 csse,
711 1479 774 1526 non
807 1481 949 1544 corpora.
988 1464 1037 1528 sic
1069 1483 1144 1548 ergo
1180 1465 1289 1531 iudica

87 1585 113 1625 m
131 1570 243 1632 contra
264 1570 299 1631 te
321 1567 425 1648 ipsam
447 1586 505 1650 pro
528 1572 561 1633 te
584 1568 666 1651 ipsa.
690 1568 718 1633 si
741 1588 802 1634 non
832 1572 924 1653 potes
954 1571 1151 1636 omnifariam
1181 1590 1289 1655 corpo·

130 1674 249 1739 ralinm
279 1673 471 1758 qualitatum
501 1675 707 1758 imaginarias
741 1676 860 1740 formas
894 1677 933 1740 ab
966 1676 1034 1742 acie
1065 1680 1140 1742 tuae
1171 1678 1290 1743 mentis

130 1779 271 1864 abigere,
297 1782 339 1859 et,
364 1780 447 1845 unde
470 1780 619 1863 uinceris,
643 1781 716 1845 inde
740 1782 904 1846 conuince.
934 1784 1144 1865 nequeenim
1169 1788 1228 1860 est,
1251 1789 1292 1848 nt

131 1887 254 1971 opinor,
288 1887 456 1970 qnisquam
485 1888 582 1953 etiam
609 1889 730 1954 talibus
760 1889 1044 1974 imaginationibus
1072 1889 1118 1956 ita
1150 1890 1289 1968 deditus,

132 1998 172 2059 nt
198 1994 308 2060 credat
335 1995 382 2060 sic
414 2014 486 2060 esse
517 1995 549 2059 in
582 1997 736 2060 memoria
767 2015 827 2060 sua
858 1997 913 2061 uel
944 1997 977 2061 in
1009 1997 1080 2080 ipso
1114 1999 1288 2080 conspectu

85 2117 113 2158 ss
132 2100 339 2184 cogitationis
359 2120 436 2166 suae
455 2103 566 2181 solem,
586 2102 707 2181 lunam,
731 2103 853 2184 stellas,
877 2121 996 2180 amnes,
1020 2104 1130 2182 maria,
1153 2105 1288 2175 montes,

131 2207 244 2283 colles,
268 2208 373 2285 urbes,
396 2208 533 2292 parietes
558 2207 693 2290 deniqne
717 2207 832 2273 domus
856 2227 934 2274 suas
957 2211 1009 2274 uel
1035 2211 1130 2274 etiam
1151 2209 1290 2274 cubiculi

132 2315 197 2394 sni,
221 2318 254 2379 et
272 2314 424 2397 quicquid
447 2334 504 2398 per
526 2315 638 2379 oculos
662 2315 803 2397 corporis
827 2316 891 2380 tale
915 2317 1068 2400 cognouit
1087 2320 1119 2381 et
1136 2319 1234 2394 tenet,
1254 2319 1292 2380 ut

131 2424 278 2487 locorum
306 2420 420 2502 spatiis
449 2424 546 2504 atque
568 2422 746 2486 interuallis
776 2421 846 2486 siue
875 2425 961 2488 stent
989 2423 1058 2488 siue
1091 2425 1289 2487 moueantur.

132 2548 229 2613 porro
252 2527 281 2591 si
303 2547 350 2605 ea,
379 2546 460 2609 qnae
482 2528 515 2592 in
539 2529 642 2592 animo
666 2531 773 2593 nostro
798 2531 874 2592 sunt
897 2529 1114 2612 corporalibus
1144 2527 1292 2611 locisque

84 2653 114 2691 2⁰
133 2635 312 2712 simillima,
326 2638 507 2699 nontamen
525 2634 669 2699 locorum
688 2634 802 2717 spatiis
822 2653 858 2698 ac
878 2635 993 2700 finibus
1013 2637 1215 2700 continentur
1233 2653 1292 2700 nec

133 2739 316 2806 interuallis
350 2739 507 2804 localibus
538 2739 571 2802 in
603 2741 713 2804 nostra
743 2739 897 2803 momoria
930 2743 1135 2824 reponuntur,
1173 2744 1292 2825 quanto

134 2844 241 2933 magis
250 2845 319 2923 illa,
334 2864 415 2928 quae
424 2845 546 2909 unllam
556 2848 672 2929 gerunt
685 2845 930 2910 similitudinem
946 2863 1124 2929 corporum,
1140 2848 1293 2925 caritas,

135 2952 330 3039 gandium,
350 2971 427 3034 par,
447 2952 733 3036 longanimitas,
752 2952 984 3035 benignitas,
1004 2952 1162 3033 bonitas,
1182 2953 1292 3032 fides,

135 3058 401 3136 mansuetudo,
444 3058 690 3137 continentia,
728 3058 817 3121 nulla
852 3058 994 3123 locorum
1033 3061 1138 3143 spatia
1172 3063 1294 3138 tenant,

231 3302 266 3354 22
286 3300 346 3356 Gal.
366 3303 390 3364 5,
409 3300 517 3356 22-23

177 3405 200 3480 1'
211 3425 372 3479 infirmitate
390 3424 453 3478 HF
522 3425 639 3493 animae]
659 3424 794 3479 humanas
815 3441 856 3479 ce
874 3425 1008 3479 hnmanae
1027 3425 1132 3480 animae
1151 3431 1210 3482 cett.
1230 3427 1295 3480 cdd.

136 3497 305 3570 2'amittere
327 3513 379 3568 ΤΟ
396 3515 443 3581 (m.
461 3517 477 3565 1
495 3529 564 3567 corr.
583 3514 741 3578 admittere)
837 3515 855 3568 4
874 3517 975 3584 potest,
994 3529 1029 3568 m.
1048 3519 1064 3568 1
1082 3529 1151 3569 corr.
1169 3517 1249 3585 potes
1273 3515 1298 3568 Ο

136 3607 234 3674 potes.
252 3604 324 3672 &sit
341 3603 364 3669 t)
382 3601 410 3656 L
427 3605 507 3672 potes
526 3619 559 3656 ec
577 3619 646 3656 corr.
665 3620 700 3657 m.
720 3607 750 3665 1;
765 3603 859 3670 seuam
876 3602 935 3655 uid.
954 3605 1034 3672 potet
1052 3602 1080 3655 Ρ
1096 3605 1175 3672 potes
1194 3605 1223 3656 et
1242 3602 1297 3656 ΓΑ

137 3697 156 3748 5
175 3691 386 3746 similitudinem
404 3691 465 3745 HF
482 3695 562 3758 (erce,
576 3699 668 3761 postr.
687 3692 718 3755 l.)
738 3690 918 3756 similitudine
939 3693 964 3744 A
1020 3692 1035 3746 7
1056 3682 1190 3760 corporeis
1210 3692 1238 3744 P
1255 3692 1295 3746 ed.

135 3781 234 3850 Migo.
298 3780 315 3834 8
335 3779 421 3833 oculis
439 3784 484 3849 (m.
503 3783 519 3832 1
537 3795 607 3835 corr.
626 3780 729 3848 oculos)
748 3780 931 3849 cogitationes
950 3779 984 3832 H
1046 3779 1079 3832 10
1098 3782 1193 3834 eontra
1210 3783 1298 3832 temet

136 3873 230 3941 ipsam
253 3868 331 3922 TOL
412 3867 556 3923 omnifaria
572 3869 603 3923 F
619 3869 654 3923 ob
673 3869 803 3923 nefariam
826 3867 905 3922 TOL
997 3867 1028 3922 11
1049 3867 1214 3936 qualitatum
1233 3883 1297 3920 con·

137 3958 317 4024 suetudinem
334 3959 511 4027 imaginarias
529 3957 557 4012 L
652 3959 685 4012 16
705 3958 788 4012 cubili
807 3957 838 4012 F
854 3957 974 4012 cubllllili
993 3962 1060 4022 (ros.
1079 3959 1152 4010 1=2
1171 3957 1192 4021 l,
1212 3973 1246 4009 m.
1265 3961 1299 4009 ut

137 4048 202 4104 uid.
221 4050 243 4100 2
260 4045 406 4112 eubllllilis)
425 4047 453 4100 P
507 4047 539 4100 18
558 4045 727 4110 interuallos,
747 4062 818 4100 corr.
836 4045 990 4100 interuallis
1008 4044 1043 4098 Η
1096 4045 1129 4099 19
1149 4043 1297 4113 corporali·

138 4139 195 4191 bns
212 4135 312 4206 spatiis
331 4136 453 4205 locisque
470 4135 509 4188 M
524 4135 709 4205 corporalibus
728 4135 797 4189 locis
815 4135 844 4188 P
865 4133 1017 4204 corporalia
1038 4133 1159 4203 locisque
1179 4149 1221 4186 oc
1239 4148 1298 4186 cor·

136 4226 258 4296 poribus
276 4224 400 4293 locisque
418 4229 478 4279 cett.
497 4223 558 4278 edo.
595 4224 631 4277 20
645 4228 728 4293 atque
743 4223 803 4278 edd.
841 4223 876 4278 23
889 4239 941 4292 par
955 4223 1091 4292 patientia
1103 4221 1299 4290 longanimitas

137 4315 177 4370 Η
191 4313 391 4384 longanimitas
410 4330 461 4382 pax
479 4313 540 4369 edd.
595 4313 632 4368 24
649 4312 830 4367 mansuetudo
849 4328 901 4367 om.
920 4311 948 4366 P
