3092 4959
271 417 334 480 618
627 419 653 474 S.
682 417 822 472 Aureli
851 418 1071 488 Augustini

225 605 243 666 9
314 610 444 676 Sonitus
469 615 576 678 autem
599 614 655 677 ille
679 615 770 678 nocis
800 622 831 677 et
855 614 1022 678 columbae
1047 615 1172 697 speeies
1197 614 1367 696 corporalis
1389 625 1421 678 et

268 717 395 800 linguae
425 717 547 782 diuisae
575 719 666 783 uelut
689 719 784 803 ignis,
814 720 869 801 qui
897 719 1017 784 insedit
1044 739 1143 802 super
1165 736 1420 802 unumquemque

269 843 389 902 eorum,
423 826 509 890 siout
536 825 592 889 illa
620 825 651 888 in
680 828 789 891 monte
818 824 903 902 sina,
933 845 1014 907 quae
1041 827 1176 891 terribili
1207 828 1314 909 specie
1340 828 1420 890 iacta

269 935 353 1005 sunt,
385 935 417 994 et
446 932 531 996 siout
560 932 707 996 columna
737 932 795 995 illa
821 932 915 996 nubis
943 952 1000 1014 per·
1028 933 1112 996 diem
1142 937 1175 998 et
1201 933 1348 998 flammae
1371 953 1423 1015 per

268 1043 393 1102 noctem
417 1038 631 1122 significatius
654 1039 839 1121 operatione
858 1044 931 1103 aeta
948 1041 1044 1122 atque
1063 1044 1224 1104 transacta
1243 1045 1327 1104 sunt
1344 1040 1421 1103 illud
1452 1064 1461 1100 s

267 1154 299 1216 in
318 1143 369 1208 his
388 1145 523 1209 maxime
542 1145 720 1209 cauendum
741 1148 801 1222 est,
826 1165 864 1208 ne
884 1145 1033 1226 cuiquam
1054 1145 1104 1209 dei
1122 1149 1236 1210 natura
1254 1149 1308 1211 uel
1326 1149 1421 1228 patris

267 1249 319 1314 uel
344 1249 400 1313 filii
426 1253 477 1315 nel
502 1249 635 1332 spiritns
659 1251 762 1315 saneti
787 1251 1028 1315 commutabilis
1053 1256 1087 1314 et
1109 1253 1332 1316 conuertibilis
1355 1273 1422 1317 esse

267 1355 421 1421 credatur.
454 1375 511 1421 nee
544 1361 685 1435 moueat,
725 1356 809 1438 quud
843 1357 1011 1438 aliquando
1045 1377 1107 1434 res,
1141 1377 1222 1439 quae
1256 1359 1421 1441 significat.

266 1477 379 1527 nomen
417 1464 486 1528 eius
523 1463 579 1542 rei,
618 1483 713 1546 quam
752 1463 922 1546 significat,
959 1463 1088 1546 accipit
1127 1465 1262 1546 spiritus
1294 1478 1421 1530 sanctus

268 1568 373 1634 dictus
402 1575 452 1634 est
481 1570 635 1653 corporali
665 1571 770 1652 specie
799 1575 961 1651 tamquam
993 1572 1142 1636 columba
1166 1571 1370 1637 descendisse
1391 1587 1422 1637 et
1441 1599 1461 1634 ιι

267 1676 424 1742 mansisse
439 1697 537 1760 suuper
552 1697 638 1752 eum3
662 1676 708 1740 sio
728 1678 812 1740 enim
833 1680 865 1741 et
884 1681 973 1759 petra
992 1676 1153 1755 Christus,
1172 1680 1249 1762 quia
1267 1678 1423 1763 significat

268 1784 441 1848 Christum.

132 1889 178 1953 lll
201 1891 241 1953 10
310 1891 409 1954 Miror
436 1895 543 1955 autem
573 1890 633 1954 tibi
660 1889 763 1954 uideri
794 1891 934 1955 sonitum
962 1890 1052 1956 uocis
1081 1891 1182 1968 illius,
1212 1911 1276 1974 qua
1303 1891 1422 1957 dictum

267 1998 331 2060 est:
365 1997 417 2060 Tu
451 2015 488 2060 es
522 1995 632 2059 iilius
665 2014 782 2071 meus,
815 2014 877 2059 non
905 1995 1065 2060 mediante
1094 1997 1200 2061 anima
1228 1997 1286 2062 sed
1316 1996 1422 2062 diuino

266 2107 346 2166 nutu
366 2102 434 2167 sola
453 2102 610 2183 corporali
628 2105 742 2166 natura
761 2101 808 2166 sie
832 2101 901 2168 fie1i
923 2103 1069 2184 potuisse
1094 2109 1127 2167 et
1149 2123 1211 2168 non
1235 2104 1297 2167 tibi
1321 2103 1459 2168 uideris

265 2209 375 2273 eodem
391 2209 485 2274 modo
500 2209 645 2291 potuisse
660 2208 729 2274 fieri
745 2209 915 2274 animantis
931 2209 1106 2275 cuiuslibet
1119 2211 1259 2292 speciem
1279 2229 1422 2294 corpora·

266 2317 329 2378 lem
361 2319 548 2397 motumque
581 2314 705 2380 uiuenti
739 2315 879 2380 similem
912 2316 1022 2380 diuino
1056 2320 1137 2380 nutu
1172 2315 1261 2381 nullo
1293 2317 1421 2380 animali
1451 2334 1453 2337 ·

266 2423 454 2506 interposito
480 2423 606 2506 spiritu.
636 2422 663 2486 ei
693 2423 777 2486 enim
802 2423 1000 2507 obtemperat
1023 2421 1082 2488 deo
1106 2427 1251 2488 creatura
1274 2441 1423 2506 corporea

268 2531 335 2594 sine
369 2531 564 2595 uiuifioantis
593 2529 716 2594 animae
749 2529 938 2608 ministerio,
971 2534 1009 2593 ut
1036 2529 1170 2594 edantur
1197 2528 1279 2601 soni,
1314 2530 1423 2612 quales

268 2635 318 2700 edi
338 2655 373 2700 er
398 2655 527 2720 corpore
552 2637 691 2700 animato
717 2637 832 2712 solent,
856 2641 894 2699 ut
916 2637 1017 2700 forma
1039 2635 1212 2700 locutionis
1236 2635 1424 2700 articulatae
1438 2660 1458 2699 ιι

267 2743 398 2807 auribus
427 2743 590 2818 inseratur,
621 2761 677 2806 our
701 2762 761 2808 non
787 2742 995 2822 obtemperet,
1023 2745 1060 2805 ut
1083 2742 1150 2806 sine
1173 2742 1298 2806 animae
1322 2741 1424 2806 uiuiti-

268 2849 369 2913 cantis
406 2849 583 2914 ministerio
621 2849 723 2932 figura
759 2851 932 2930 motusque
965 2848 1106 2912 uolucris
1138 2847 1250 2912 eadem
1282 2850 1425 2930 potentia

267 2956 417 3021 creatoris
437 2956 599 3041 ingeratur
621 2956 828 3038 aspectibus?
853 2975 891 3018 an
917 2974 1031 3019 sensus
1055 2955 1205 3019 audiendi
1226 2955 1289 3020 boe
1312 2954 1423 3019 mereri

267 3065 383 3143 potest,
408 3061 536 3126 uidendi
560 3082 621 3127 non
647 3065 764 3146 potest,
790 3081 864 3125 cum
887 3081 924 3126 er
947 3060 1104 3126 ediscenti
1127 3063 1261 3126 materia
1283 3063 1422 3144 corporis

267 3173 438 3251 utrumque
458 3170 621 3248 formetur,
646 3173 678 3233 et
698 3169 782 3251 quod
801 3168 929 3232 insonat
951 3169 1082 3232 auribus
1106 3171 1138 3232 et
1161 3171 1293 3252 apparet
1315 3187 1418 3251 aspec-
1433 3195 1455 3234 ιι

267 3278 354 3342 tibus
379 3280 411 3341 et
438 3277 527 3341 uocis
557 3275 683 3341 articuli
709 3281 741 3340 et
763 3276 950 3340 liniamenta
977 3275 1193 3340 membrorum
1217 3280 1249 3339 et
1272 3275 1419 3339 audibilis

268 3387 299 3448 et
332 3383 470 3448 nisibilis
503 3387 622 3462 mutue,
655 3387 693 3447 ut
726 3386 758 3446 et
791 3401 904 3446 uerum
937 3381 980 3446 sit
1012 3399 1138 3464 corpus,
1173 3381 1259 3464 qnod
1286 3382 1418 3446 sentitur

356 3573 556 3635 31111118
628 3575 712 3628 olor.
735 3574 778 3638 13,
797 3575 830 3627 21
907 3572 1156 3635 lrlcor.10‚4
1226 3573 1260 3625 14
1278 3569 1414 3627 aaut.

267 3662 385 3727 16-17;
405 3663 488 3716 Maro.
509 3663 533 3726 1,
555 3663 674 3726 10-11;
694 3662 759 3716 Luc.
780 3664 806 3724 3,
825 3663 860 3716 22

301 3788 412 3856 dsunt]
434 3787 495 3840 Μ’
548 3785 939 3854 9einnom.‚m.1addtV
996 3785 1030 3838 10
1050 3785 1191 3854 speciein
1207 3785 1264 3851 fine
1281 3801 1309 3838 ιι.
1328 3782 1415 3837 osef

267 3878 300 3929 14
318 3875 403 3945 meus]
422 3892 499 3928 mens
519 3875 635 3930 dilectus
654 3874 783 3942 (dilectus
802 3877 874 3943 exp.)
891 3873 920 3929 R
958 3875 991 3927 15
1010 3880 1109 3927 natura
1127 3873 1261 3943 comersii
1279 3872 1308 3927 U
1355 3882 1411 3926 et-

266 3967 388 4035 potuisse
406 3981 468 4031 om„
486 3983 520 4018 m.
541 3969 561 4018 2
579 3967 610 4018 in
627 3981 713 4034 marp.
735 3965 801 4021 add.
826 3965 850 4017 V
931 3962 1027 4017 eodem
1045 3963 1127 4017 modo
1146 3965 1271 4034 potuisse
1289 3961 1373 4016 uideri
1392 3957 1415 4012 s

268 4056 301 4108 16
319 4055 378 4108 fieri
397 4055 518 4124 potuisse
542 4053 624 4108 THR
697 4054 754 4107 fieri
775 4070 825 4108 om.
851 4051 907 4106 VU
960 4053 992 4105 17
1011 4055 1079 4106 nutu
1100 4057 1199 4120 (postr.
1219 4053 1237 4104 l.
1257 4053 1289 4104 isa
1306 4057 1372 4111 roa)
1393 4048 1415 4100 V

268 4143 301 4197 18
319 4148 418 4197 natura
441 4143 467 4196 U
530 4145 562 4197 19
582 4143 687 4208 sine(n
707 4159 740 4197 ιιι
759 4157 829 4196 corr.
848 4157 883 4194 m.
902 4143 928 4207 1)
951 4139 1285 4208 YsiueP(m.Icorr.
1305 4137 1416 4199 niueis

302 4234 390 4286 anime
409 4235 434 4304 (e
453 4234 485 4286 ιἰι
503 4237 572 4297 rae.)
597 4232 623 4285 V
688 4231 723 4285 24
743 4248 841 4301 corpus
864 4229 934 4284 Um
1002 4230 1037 4284 25
1057 4235 1086 4283 et
1104 4229 1178 4300 quod
1198 4235 1312 4299 apparet
1323 4229 1412 4297 stra

266 4337 319 4384 lae
337 4337 388 4376 om.
408 4321 725 4392 nuribus—aspectibus)
780 4322 814 4374 27
834 4319 923 4389 utet]
944 4324 972 4372 et
991 4323 1023 4374 ut
1046 4318 1101 4372 VU
