3092 4959
461 395 725 464 epistularum
755 395 902 453 CXXVIII.
1215 406 1258 470 33

103 590 196 665 serit3
222 610 295 654 nam
319 609 381 672 qua
403 590 507 655 fronte
529 590 561 655 in
584 590 692 654 futuro
718 590 845 656 saeculo
869 592 1064 674 promissum
1088 613 1107 657 a
1130 593 1258 661 Christo

103 696 307 777 sperabimus
328 698 490 795 honorem,
507 696 534 761 si
550 696 760 763 Christianam
775 697 807 761 in
822 697 882 762 hoc
897 699 1023 763 saeculo
1039 704 1148 765 noster
1159 702 1261 767 honor

103 802 242 886 impedit
266 796 441 868 unitatem?

32 900 53 959 4
150 912 239 977 Haec
263 916 429 995 propterea
446 912 658 995 praestantiae
677 916 751 978 tuae
772 913 939 978 scribenda
957 916 1151 994 curarimus,
1171 919 1259 982 utet

69 1039 83 1079 a
104 1038 163 1102 per
181 1022 215 1083 te
234 1019 434 1084 innotescant
453 1019 609 1085 omnibus.
628 1019 842 1102 postulamus,
858 1023 895 1085 ut
911 1020 944 1085 in
963 1021 1120 1087 adiutorio
1140 1022 1259 1089 domini

104 1126 157 1190 dei
181 1126 292 1205 nostri,
316 1144 378 1208 quo
403 1125 590 1191 admonente
613 1126 677 1189 ista
700 1127 918 1209 promittimus
942 1131 974 1192 et
997 1148 1059 1211 qno
1088 1129 1259 1194 adiuuante

104 1252 164 1297 nos
187 1230 319 1315 implero
344 1250 438 1315 posse
463 1232 661 1311 confidimus,
683 1233 780 1297 etiam
803 1236 875 1298 ante
899 1233 1119 1312 conlationem,
1141 1236 1169 1301 si
1191 1235 1260 1300 fieri

104 1342 225 1423 potest,
255 1338 349 1403 corda
375 1338 538 1405 hominum
567 1340 620 1405 uel
648 1339 771 1404 infirma
800 1341 852 1405 nel
880 1340 958 1406 dura
980 1339 1033 1424 pia
1060 1340 1176 1407 caritas
1205 1347 1260 1407 aut

106 1450 200 1510 sanet
222 1448 277 1509 aut
300 1445 427 1510 edomet
450 1464 486 1510 ac
505 1445 551 1511 sic
571 1446 635 1509 iam
652 1446 794 1529 pacificis
813 1446 973 1513 mentibus
991 1466 1053 1512 non
1071 1446 1260 1513 resistamns

60 1576 86 1614 ro
106 1552 392 1617 manifestissimae
414 1552 544 1616 ueritati
568 1556 600 1615 et
623 1552 872 1635 disputationem
895 1557 1035 1619 nostram
1059 1553 1113 1619 uel
1135 1572 1259 1637 praece·

107 1660 222 1723 damus
238 1658 405 1724 concordia
423 1658 476 1723 uel
491 1676 671 1742 sequamur.
690 1654 795 1742 neque
813 1659 895 1723 enim
915 1659 1080 1742 desperare
1095 1660 1259 1737 debemus,

108 1766 137 1831 si
175 1766 320 1831 recolunt
357 1766 466 1831 beatos
504 1785 574 1830 csse
612 1764 781 1848 pacificos,
819 1766 1007 1847 quoniam
1049 1765 1130 1849 ipsi
1173 1765 1260 1831 lilii

108 1874 175 1937 dci
209 1872 474 1951 necabuntur,
503 1874 605 1937 mullo
635 1871 761 1955 dignius
791 1874 824 1936 et
850 1872 977 1937 facilius
1011 1892 1066 1937 eos
1098 1872 1194 1951 uelle,
1223 1877 1262 1939 ut

108 1998 183 2061 pars
207 1979 325 2043 Donati
348 1979 497 2045 uniuerso
522 1979 589 2043 orbi
614 1978 792 2044 Christiano
817 1979 1048 2056 reconcilietur,
1073 1998 1168 2062 quam
1191 1980 1260 2045 uni-

63 2106 224 2151 reuersus
261 2086 345 2153 orbis
384 2086 582 2153 Christianus
612 2105 630 2150 a
656 2089 744 2167 parto
777 2084 893 2149 Donati
930 2084 1154 2167 rebaptizetur,
1187 2106 1260 2150 cum

107 2194 296 2275 praesertim
334 2192 372 2257 de
408 2192 589 2257 Maximiani
630 2192 784 2277 sacrilego
827 2195 859 2255 et
900 2190 1046 2254 damnato
1088 2190 1261 2256 schismate

109 2300 289 2377 uenientes,
312 2318 391 2381 quoe
420 2300 516 2365 etiam
543 2303 735 2363 terrenarum
765 2300 960 2380 potestatum
990 2298 1186 2363 iussionibus
1216 2300 1262 2362 in·

110 2405 265 2472 sectando
294 2406 457 2471 emendare
486 2407 644 2483 curarunt,
672 2408 760 2469 tanta
793 2404 962 2469 dilectione
995 2404 1196 2485 quaesierint,
1224 2408 1263 2469 ut

109 2534 168 2579 nec
194 2513 389 2597 baptismum
413 2514 451 2577 ab
476 2512 522 2577 eis
546 2513 655 2577 datum
679 2510 857 2575 rescindere
881 2512 1033 2576 auderent
1056 2514 1087 2576 et
1107 2511 1261 2594 quosdam

63 2644 90 2681 πο
111 2642 222 2687 eorum
251 2620 414 2686 damnatos
443 2621 509 2686 sine
543 2622 608 2684 ulla
640 2620 766 2684 honoris
800 2637 909 2683 eorum
943 2618 1159 2683 deminutione
1191 2637 1261 2683 sus·

110 2730 265 2811 ciperani,
286 2728 439 2811 quosdam
465 2747 538 2793 uero
563 2726 592 2791 in
617 2726 705 2791 illius
730 2725 929 2789 discissionis
954 2724 1107 2789 societate
1126 2724 1261 2808 inpollu-

109 2842 162 2901 tos
187 2836 288 2901 luisse
312 2839 483 2901 censerent.
509 2854 642 2917 quorum
666 2833 748 2897 inter
777 2851 810 2895 se
839 2831 1023 2897 concordiae
1050 2850 1113 2895 non
1140 2830 1261 2895 inuide-

109 2962 200 3017 mus;
225 2941 282 3006 sed
306 2961 360 3006 eos
383 2946 468 3007 certe
492 2946 616 3024 oportet
639 2940 813 3017 aduertere,
837 2958 931 3021 quarn
959 2938 1010 3019 pie
1038 2940 1125 3003 lanto
1154 2937 1261 3002 studio

109 3070 237 3116 ramum
266 3068 284 3113 a
312 3068 346 3115 se
373 3050 510 3115 fractum
538 3048 623 3113 radix
653 3046 810 3111 catholica
836 3044 978 3128 inquirit,
1002 3044 1030 3108 si
1058 3063 1165 3108 ramus
1192 3043 1261 3127 ipse

65 3158 265 3223 assimiliter
287 3176 305 3221 a
324 3177 358 3222 sc
381 3176 514 3240 paruum
533 3156 674 3237 fragmen
695 3154 832 3219 incisum
856 3152 903 3219 sic
926 3150 1075 3235 colligere
1094 3151 1262 3216 laborauit.

159 3261 212 3351 [Et
236 3263 298 3327 alia
321 3260 443 3351 manu:]

207 3490 239 3543 12
260 3488 358 3543 Matth.
378 3490 404 3551 5,
423 3488 439 3542 9
495 3486 529 3539 24
548 3486 624 3539 Rom.
646 3486 687 3549 11,
709 3486 740 3539 16

152 3660 164 3711 l
187 3659 286 3721 futoro,
306 3674 340 3711 m.
359 3662 374 3709 1
392 3672 462 3710 corr.
480 3620 570 3709 lntdro
589 3655 618 3707 P
676 3654 784 3707 saeculo
805 3658 831 3719 (o
851 3670 884 3706 aa
904 3669 972 3709 corr.
992 3670 1026 3705 m.
1047 3653 1076 3718 2)
1094 3650 1122 3703 P
1165 3650 1181 3703 2
1201 3668 1262 3719 spe-

113 3748 281 3803 ranimusP
387 3748 455 3800 4nt
473 3746 512 3814 et]
532 3749 559 3798 et
577 3743 655 3798 utG
764 3744 878 3812 lposse
898 3758 997 3809 om.,e.
1017 3740 1217 3797 u.m.1add.
1237 3739 1265 3792 P

116 3838 150 3893 10
169 3840 290 3890 nostram
308 3851 359 3891 om.
382 3834 408 3888 G
481 3834 514 3887 12
534 3850 592 3887 esse
611 3832 738 3903 pacificos
759 3832 853 3885 beatos
875 3831 901 3885 G
974 3832 1008 3883 ll
1026 3830 1175 3895 uniuersos,
1194 3832 1263 3882 m.1

114 3969 185 4008 corr.
204 3916 347 4006 uniuersis
366 3951 393 4003 P
491 3952 524 4005 16
543 3950 723 4019 maximialno,
743 3966 777 4009 m.
796 3954 828 4001 at
846 3947 905 4002 uid.
925 3953 1045 4015 usupra
1063 3944 1220 3999 maximiani
1237 3944 1266 3997 P

117 4042 150 4096 18
169 4040 330 4109 dilectione]
349 4038 493 4109 diligentia
514 4038 540 4091 G
657 4037 831 4106 quaesierint,
851 4054 884 4089 m.
905 4040 924 4088 2
943 4034 1117 4104 quaesierant
1134 4032 1162 4084 P
1180 4048 1263 4102 quae·

115 4132 221 4185 aierunt
241 4129 268 4185 G
341 4132 372 4181 ut
388 4128 445 4195 fere
464 4132 550 4181 lotum
568 4126 680 4181 maculo
697 4142 730 4179 ea
749 4131 906 4179 atramento
923 4124 1070 4178 obductum
1083 4120 1112 4175 P
1163 4121 1198 4173 20
1217 4135 1263 4173 eo-

115 4240 172 4277 rum
193 4218 294 4274 om.G
403 4216 582 4271 diminutione
604 4213 629 4269 G
648 4232 674 4268 m
764 4214 799 4267 22
819 4231 878 4267 esse
899 4213 926 4267 G
1014 4212 1048 4263 23
1073 4212 1145 4264 certe
1163 4224 1216 4264 om.
1237 4206 1264 4261 G

151 4326 255 4365 ramum
276 4325 292 4361 a
311 4324 340 4361 ee
360 4304 474 4362 iractum
493 4308 570 4360 tanto
591 4304 680 4358 studio
705 4304 730 4358 G
786 4304 819 4357 25
838 4302 1003 4356 laborauerit
1024 4298 1049 4353 G

142 4432 274 4478 xxxxlln
286 4432 346 4481 Aug.
360 4437 414 4473 sacr.
425 4432 446 4471 11
455 4440 507 4481 pars
522 4432 534 4469 ³
1210 4400 1228 4454 3
