3092 4959
265 359 329 421 100
613 355 640 411 S.
668 355 806 410 Aureli
835 356 1053 425 Augustini

263 553 458 616 senectutem
477 552 612 615 maximo
633 552 708 630 otio,
724 570 849 615 summo
864 551 981 628 studio,
997 550 1125 616 meliore
1139 552 1264 635 ingenio
1280 571 1408 618 conarer

262 659 433 736 addiscere,
456 678 517 723 uon
542 679 603 741 quo
632 658 671 722 ad
700 677 851 740 eaquae
879 659 1057 722 necessaria
1084 661 1158 723 sunt
1188 659 1296 734 saluti,
1321 663 1407 724 tanta

261 767 293 830 in
327 767 372 830 eis
404 766 606 848 perueniatur
637 765 834 844 difficultate,
868 765 934 842 sed,
963 785 1036 829 cum
1069 765 1203 847 quisque
1235 765 1279 829 ibi
1312 765 1405 829 fidem

260 873 410 949 tennerit,
435 872 503 936 sine
526 892 588 954 qua
610 873 661 955 pie
688 877 835 955 recteque
860 892 921 938 uon
949 872 1080 946 uiuitur,
1104 876 1169 935 tam
1198 874 1300 937 multa
1328 875 1405 936 tam-

261 1000 322 1062 que
342 979 575 1062 multiplicibus
594 980 819 1061 mysteriorum
838 979 1032 1044 umbraculis
1052 983 1183 1062 opacata
1196 978 1406 1064 intellegeuda
1434 999 1444 1036 s

260 1086 497 1168 proficientibus
525 1089 645 1151 restant
671 1089 821 1168 tantaque
848 1105 909 1150 non
942 1087 1048 1150 solum
1080 1087 1110 1149 in
1144 1086 1260 1163 uerbis,
1290 1085 1403 1168 quibus

259 1194 306 1257 ita
329 1193 413 1257 dicta
437 1196 521 1269 sunt,
540 1212 652 1257 uerum
676 1194 772 1257 etiam
795 1193 826 1256 in
845 1193 951 1264 rebus,
971 1211 1051 1274 quse
1069 1192 1300 1276 intellegendae
1320 1195 1403 1266 sunt,

260 1299 339 1363 latet
358 1298 494 1362 altitudo
520 1299 704 1379 sapientiae,
726 1301 764 1362 ut
788 1298 1019 1372 annosissimis
1044 1299 1249 1373 acutissimis,
1274 1299 1403 1382 flagran-

258 1406 395 1470 tissimis
423 1405 597 1486 cupiditate
621 1405 762 1470 discendi
786 1405 846 1470 hoc
870 1405 1042 1489 contingat.
1067 1405 1151 1489 quod
1175 1405 1282 1470 eadem
1308 1406 1403 1488 scrip·

259 1515 330 1576 tura
368 1511 504 1593 quodam
541 1513 610 1576 loco
649 1512 758 1576 habet:
798 1510 885 1575 Cum
928 1512 1249 1577 consummauerit
1285 1512 1439 1588 homno

259 1625 348 1684 tnnc
371 1619 519 1700 incipit.

169 1728 201 1792 ll
220 1731 241 1792 4
305 1725 366 1791 Sed
382 1726 457 1808 qnid
472 1726 544 1790 binc
557 1726 669 1809 plura?
680 1724 870 1790 ueniendum
887 1725 926 1789 ad
941 1744 1006 1788 rem
1020 1725 1138 1807 potius,
1150 1745 1243 1807 quam
1258 1725 1400 1806 requiris.

258 1835 312 1898 nbi
335 1834 472 1915 primum
496 1833 576 1897 scire
599 1836 631 1896 te
654 1833 729 1897 nolo
753 1851 814 1896 non
837 1833 896 1897 hoc
916 1831 1128 1897 Christianam
1152 1833 1265 1898 habere
1291 1831 1401 1898 doctri·

258 1961 340 2016 nam,
356 1939 439 2022 quod
458 1941 504 2003 itu
523 1940 565 2004 sit
584 1939 662 2004 deus
677 1939 802 2003 infusus
822 1939 995 2021 carnique
1014 1958 1049 2002 ex
1068 1939 1191 2023 uirgine
1210 1945 1399 2014 nasceretur,

257 2053 294 2110 ut
317 2065 424 2110 curam
448 2046 667 2128 gubernandae
685 2047 905 2110 uniuersitatis
924 2046 977 2110 uel
996 2045 1172 2109 deseruerit
1189 2046 1243 2110 nel
1261 2045 1399 2110 amiserit
1417 2069 1436 2107 c

256 2154 309 2217 nel
345 2153 385 2218 ad
420 2153 501 2218 illud
537 2154 762 2235 corpusculum
804 2153 894 2234 quasi
937 2156 1130 2217 contractam
1172 2153 1398 2235 collectamque

256 2262 463 2325 transtulerit.
487 2261 650 2324 hominum
675 2261 736 2324 iste
759 2279 871 2324 sensus
896 2263 946 2324 est
969 2258 1047 2323 nibil
1067 2260 1127 2323 nisi
1147 2278 1277 2342 corpora
1296 2260 1397 2324 ualen-

348 2521 380 2574 10
398 2521 482 2574 Eccli.
504 2522 544 2588 18,
564 2524 580 2576 6

295 2664 305 2715 l
328 2663 375 2727 oti,
394 2679 428 2714 m.
448 2668 463 2716 1
481 2679 550 2716 corr.
570 2665 627 2717 otio
650 2663 689 2717 W
793 2665 895 2718 studim
920 2665 991 2734 (snit
1010 2665 1028 2732 i)
1046 2665 1083 2718 Μ
1188 2665 1361 2722 meliorem.
1380 2665 1397 2716 2

255 2753 361 2808 meliori
383 2752 528 2806 Crueliori
546 2753 582 2806 M
633 2737 782 2808 'conareer
800 2755 871 2821 (suit
892 2761 916 2820 a)
937 2755 971 2809 Μ
1044 2757 1060 2808 2
1080 2772 1132 2824 quo
1152 2754 1197 2823 ad]
1219 2752 1291 2822 quod
1312 2750 1397 2807 ΤΒΡ1

257 2842 329 2911 quod
347 2841 381 2895 ad
403 2841 525 2896 CWHR
542 2859 569 2895 m
650 2845 666 2898 3
686 2844 843 2911 {ascoltate
862 2862 894 2896 m.
916 2851 930 2898 1
951 2862 1020 2899 corr.
1044 2844 1205 2898 difficultate
1224 2843 1256 2896 K
1360 2843 1396 2896 ibi

256 2932 370 3000 quisque
389 2935 414 2998 (e
432 2933 464 2984 in
482 2942 548 2995 rue.)
573 2932 612 2985 W
693 2933 745 2986 tlde
768 2933 819 2986 ΤΒ
837 2935 918 3000 (corr.
937 2933 1028 2998 tidem)
1048 2933 1084 2986 P¹
1157 2935 1174 2986 4
1192 2936 1354 3002 recepteque
1377 2930 1399 2984 Y

291 3021 377 3073 multe
401 3037 456 3073 rus.
479 3027 511 3074 ut
533 3022 592 3075 uid.
617 3039 650 3075 ex
668 3023 780 3076 multam
805 3022 839 3073 W
856 3023 949 3076 multis
969 3024 995 3078 A
1103 3025 1224 3093 lamque]
1245 3039 1353 3092 quamq.
1372 3021 1397 3073 B

256 3111 414 3179 bopocata.
432 3110 481 3163 sed
497 3116 580 3178 postr.
601 3111 617 3164 l.
638 3127 725 3178 supra
743 3127 799 3164 ras.
825 3111 858 3163 W
877 3117 989 3181 opacata
1014 3112 1073 3165 ΤΡ1
1092 3129 1185 3181 cepaea
1206 3113 1243 3165 M
1302 3115 1395 3167 dtan·

255 3204 367 3268 tuncque
389 3197 438 3252 CR
457 3203 539 3268 utque
558 3200 585 3252 in
605 3201 644 3252 eis
664 3199 697 3252 K
785 3202 799 3252 7
820 3200 869 3269 ita]
891 3201 944 3254 ista
962 3200 1020 3255 KP
1039 3201 1098 3254 edd.
1177 3203 1249 3255 dicta
1269 3206 1295 3263 (a
1312 3217 1396 3270 supro

254 3289 322 3352 ras.)
345 3286 383 3339 W
451 3287 638 3355 intellegenda
657 3287 777 3341 CHRM
837 3289 1063 3344 Senuouissimis
1087 3291 1210 3358 Tlduue
1223 3291 1341 3359 posint
1368 3291 1396 3342 in

254 3380 320 3441 rus.)
340 3376 368 3428 D
387 3391 403 3426 a
420 3377 576 3429 nouissimis
596 3375 632 3429 P¹
686 3379 851 3432 acutissimis
870 3379 1087 3448 flagrantissimis
1106 3397 1156 3434 om.
1179 3381 1228 3434 GR
1281 3380 1395 3449 flagran-

254 3465 368 3517 tissimis
388 3481 438 3517 om.
459 3463 492 3516 K
507 3465 727 3532 fraglantissimis
751 3467 776 3520 Τ
855 3469 871 3522 9
891 3468 1026 3534 discendo,
1045 3487 1078 3522 m.
1099 3475 1113 3522 1
1132 3485 1199 3523 corr.
1219 3469 1340 3524 discendi
1363 3467 1399 3522 W

290 3551 356 3605 eade
370 3551 414 3619 (de
429 3552 542 3618 inrue.)
558 3553 597 3606 W
646 3556 796 3624 scripturae
811 3556 835 3610 T
872 3557 904 3610 10
918 3575 977 3611 cum
994 3559 1192 3612 consumauerit
1205 3577 1239 3612 m.
1254 3565 1269 3612 1
1284 3577 1305 3612 e.
1320 3575 1347 3616 u.
1364 3555 1398 3610 W

256 3642 288 3694 12
312 3641 346 3694 ll'l
369 3644 436 3708 (rus.
460 3645 534 3694 1-2
557 3643 586 3711 l.)
610 3643 666 3699 bi·c
689 3649 717 3713 (n
741 3653 824 3710 erae.)
849 3647 926 3716 plura
953 3647 992 3699 W
1010 3648 1055 3700 inc
1082 3647 1160 3718 plura
1191 3648 1215 3702 T
1240 3649 1345 3702 incluse
1368 3645 1398 3698 Κ

288 3730 380 3798 potius
399 3730 433 3782 ud
452 3747 509 3784 rem
526 3731 575 3786 CR
595 3736 637 3785 est
654 3733 688 3786 ad
707 3751 763 3788 rem
783 3736 874 3803 potius
894 3735 932 3788 W
947 3737 1006 3801 (sed
1024 3741 1065 3790 est
1083 3753 1103 3791 e.
1118 3755 1145 3790 u.
1161 3755 1194 3791 m.
1210 3741 1225 3790 1
1244 3737 1322 3804 odd.)
1336 3735 1399 3790 HK

253 3818 345 3887 potius
368 3823 411 3872 est
434 3818 468 3872 ad
492 3837 547 3873 rem
570 3821 630 3874 edd.
724 3824 755 3878 13
781 3829 808 3876 te
832 3825 899 3878 seire
924 3825 950 3877 Β
975 3826 1035 3878 edd.
1144 3827 1206 3880 uolo
1229 3827 1261 3880 in
1282 3843 1338 3881 rae.
1364 3825 1396 3880 W

288 3907 388 3962 hebere
407 3908 582 3963 christianam
601 3911 662 3965 cdd.
754 3913 788 3964 14
807 3912 872 3966 deus
891 3913 995 3968 infusus
1014 3915 1050 3968 sit
1068 3913 1095 3968 P
1180 3933 1248 3984 quae
1271 3913 1393 3970 ΤΗΜΡι

252 4013 304 4065 que
322 3996 356 4050 K
372 3998 418 4066 qui
440 3998 489 4052 CR
575 4001 680 4065 nascit,
698 4017 733 4054 m.
751 4007 784 4054 ut
801 4002 860 4054 uid.
882 4007 894 4054 1
913 4018 981 4056 corr.
1000 4007 1130 4058 nasceret'
1155 4004 1191 4058 W
1267 4007 1299 4060 15
1319 4005 1393 4059 dese·

252 4091 349 4147 rueret.
368 4103 402 4139 m.
421 4092 438 4142 1
456 4104 524 4141 corr.
545 4089 694 4144 deseruerit
717 4089 753 4143 W
794 4093 826 4146 16
846 4092 921 4144 illum
941 4091 973 4146 K
1034 4095 1209 4163 contractam]
1230 4097 1393 4150 contractum

251 4175 393 4228 materiem
406 4175 501 4228 ΗΜΛ
516 4177 576 4230 edd.
592 4179 801 4234 contrafactum
815 4181 956 4234 materiam
973 4181 1022 4236 CR
1041 4182 1181 4236 collectam
1200 4183 1341 4236 materiam
1360 4179 1396 4232 W

288 4268 508 4333 contractamque
533 4265 571 4318 W
623 4269 654 4320 17
673 4268 811 4322 hominem
834 4269 883 4324 GR
954 4270 1033 4339 nihil]
1053 4288 1106 4326 non
1128 4271 1178 4326 CR
