3092 4959
520 396 788 465 epistularum
817 396 924 452 CLVII.
1237 408 1300 471 451

144 695 273 760 nefariis
307 696 497 780 obligauerit
530 702 624 779 atque
657 698 687 761 in
717 698 766 763 bis
802 699 980 763 criminosis
1014 700 1302 784 consceleratisque

145 803 288 868 moribus
312 804 465 887 usquein
487 804 569 867 diem
595 824 690 869 suum
714 804 863 869 ultimum
888 806 1118 887 perdurauerit,
1143 806 1303 889 quaslibet

143 908 227 973 inter
259 910 337 974 baec
371 912 570 993 elemospnas
603 910 710 989 faeiat,
744 916 777 974 et
808 911 979 975 infeliciter
1015 912 1104 977 ducit
1135 914 1236 977 uitam
1269 918 1301 978 et

111 1036 123 1073 a
144 1016 305 1080 infelicius
329 1016 407 1081 finit.

16 1116 48 1178 Π
73 1117 94 1177 4
191 1122 254 1187 Sed
281 1122 336 1187 isti
364 1128 538 1207 utcumque
567 1124 723 1189 tolerandi
752 1128 838 1201 suut,
867 1124 993 1206 quaudo
1019 1125 1129 1190 dicunt
1152 1126 1206 1190 uel
1228 1146 1300 1191 esse

144 1228 197 1293 uel
211 1230 313 1294 fuisse
328 1230 380 1293 bic
395 1230 532 1312 aliquem
547 1229 669 1293 iustum
685 1233 810 1313 praeter
824 1248 921 1293 uuum
943 1235 1090 1295 sanctum
1105 1236 1299 1309 sanctorum,

144 1336 199 1419 qui
223 1335 347 1400 nullum
371 1335 502 1401 haberet
521 1334 648 1400 omniuo
668 1338 845 1418 peccatum.
869 1336 951 1401 illud
970 1354 1055 1415 uero,
1082 1337 1167 1419 quod
1189 1337 1300 1402 dicunt

142 1442 290 1507 sulficere
327 1442 448 1507 homiui
488 1442 623 1505 liberum
661 1441 827 1505 arbitrium
866 1442 905 1505 ad
942 1442 1100 1507 dominica
1135 1444 1299 1526 implenda

93 1570 123 1609 ro
142 1548 301 1625 mandata,
327 1550 422 1613 etiam
447 1549 474 1613 si
499 1548 548 1613 dei
573 1548 675 1633 gratia
699 1552 731 1612 et
754 1549 857 1613 sancti
876 1549 1008 1632 spiritus
1033 1549 1114 1614 douo
1139 1549 1179 1613 ad
1203 1569 1298 1632 opera

141 1656 225 1721 bona
242 1674 303 1721 nou
324 1656 504 1733 adiuuetm,
524 1657 610 1720 omni
629 1654 722 1720 modo
744 1656 1009 1720 anathemandum
1030 1660 1079 1720 est
1098 1659 1130 1719 et
1148 1657 1296 1721 omuibus

141 1764 395 1828 execrationibus
424 1762 657 1828 detestandum.
688 1764 742 1844 qui
772 1762 855 1827 enim
884 1762 945 1826 boe
968 1762 1129 1839 adserunt,
1155 1783 1173 1827 a
1196 1764 1298 1848 gratia

142 1868 193 1932 dei
212 1868 340 1951 penitus
361 1868 455 1933 alieni
470 1874 554 1945 suut,
571 1869 646 1950 quia
664 1869 885 1953 ignorantes
906 1868 966 1933 dei
986 1869 1190 1946 iustitiam,
1211 1869 1296 1935 sicut

142 1974 182 2037 de
206 1974 331 2039 ludaeis
357 1974 436 2039 dicit
458 1976 634 2059 apostolus,
666 1979 703 2039 et
727 1993 830 2039 suam
854 1975 1029 2041 uiolentas
1058 1976 1294 2042 constituere

92 2100 121 2140 ra
141 2080 320 2145 iustitiae
346 2081 404 2145 dei
428 2101 496 2146 non
523 2086 611 2146 suut
634 2082 810 2146 subiecti.
835 2082 1033 2165 plenitudo
1058 2083 1175 2165 quippe
1194 2082 1293 2165 legis

140 2206 201 2250 non
228 2196 285 2251 est
308 2188 371 2253 nisi
395 2189 535 2253 caritas
565 2193 597 2252 et
620 2190 731 2271 utique
756 2190 897 2253 caritas
922 2189 982 2252 dei
1007 2188 1152 2253 diffusa
1175 2190 1292 2253 estin

140 2293 319 2359 cordibus
353 2296 495 2359 nostris
529 2315 589 2359 uon
618 2316 673 2378 per
701 2314 757 2361 noa
785 2295 875 2379 ipsos
903 2314 960 2358 nee
992 2294 1115 2359 uiribus
1147 2295 1292 2379 propriae

138 2400 318 2465 uoluntatis
334 2402 391 2466 sed
405 2420 470 2484 per
485 2402 661 2485 spiritum
678 2405 858 2475 sanetum,
879 2400 943 2483 qui
962 2400 1073 2465 datus
1094 2404 1153 2465 est
1171 2400 1292 2467 nobis.

65 2504 87 2565 5
185 2506 281 2571 Valet
304 2508 411 2589 itaque
434 2508 570 2572 liberum
594 2507 758 2572 arbitrium
783 2506 823 2570 ad
847 2506 1058 2589 operataue,
1084 2506 1113 2571 si
1136 2506 1291 2573 diuinitus

89 2636 119 2677 ιο
138 2612 319 2695 adimetur,
353 2614 438 2696 qnod
465 2614 502 2678 tit
528 2613 694 2678 humiliter
725 2614 860 2695 petendo
889 2618 921 2678 et
951 2612 1095 2690 fateud03
1129 2612 1291 2679 desertum

136 2737 215 2783 uero
245 2720 352 2785 diuino
382 2720 549 2799 adiutorio,
583 2719 726 2803 qualibet
754 2719 889 2783 scientia
914 2720 998 2805 legis
1026 2720 1169 2799 excellat,
1202 2720 1290 2785 nullo

135 2826 232 2890 modo
265 2826 396 2891 habebit
431 2827 574 2891 iustitiae
612 2826 808 2891 soliditatem
846 2826 902 2890 sed
939 2827 1136 2891 inflationem
1171 2826 1290 2909 impiae

135 2932 304 3015 superbiae
320 2935 352 2996 et
367 2933 536 2997 exitiosum
550 2937 719 2999 tumorem.
741 2932 834 2997 docet
847 2933 908 2997 hoc
923 2931 1032 2997 eadem
1046 2932 1118 3015 ipsa
1132 2932 1291 2997 dominica
1391 3002 1396 3009 ,

134 3039 248 3103 oratio.
272 3040 391 3103 frustra
415 3040 497 3103 enim
522 3038 616 3103 deum
635 3042 785 3122 rogantes
805 3038 955 3103 dicimus:
979 3038 1031 3103 Ne
1055 3057 1122 3103 uos
1146 3039 1288 3103 inieras

226 3282 259 3337 13
287 3283 363 3337 Rem.
394 3284 435 3350 10,
464 3285 480 3339 3
590 3285 623 3337 15
652 3284 728 3337 Rom.
759 3284 801 3349 13,
832 3284 864 3337 10
975 3284 1021 3348 16;
1053 3282 1087 3336 18
1114 3282 1192 3338 Rom.
1221 3285 1246 3346 5,
1271 3284 1288 3334 5

131 3372 169 3425 24
187 3371 287 3427 blattb.
307 3373 333 3437 6,
355 3374 387 3427 13

169 3496 186 3548 2
206 3496 484 3567 consceleratistilque
503 3496 547 3564 (til
566 3512 601 3550 m.
621 3498 641 3551 2
659 3496 721 3564 det.)
746 3496 767 3549 L
849 3497 866 3549 3
885 3496 1035 3565 perdurans
1052 3512 1086 3550 ea
1104 3510 1184 3560 corr„
1195 3494 1288 3563 faisse

130 3584 192 3639 aid.
211 3582 400 3655 perdomueris
419 3584 446 3639 L
487 3588 503 3640 5
522 3584 669 3655 infelicius]
687 3584 822 3649 infelicib;
841 3584 870 3637 P
909 3585 1045 3638 ‘linctum
1063 3588 1172 3653 praeter
1189 3584 1284 3651 uuum]

129 3672 215 3727 istum
234 3676 342 3743 praeter
360 3675 445 3728 istum
460 3672 509 3727 00
522 3676 630 3743 praeter
644 3690 726 3727 unum
742 3676 804 3738 (om.
819 3673 932 3739 iustum)
948 3672 1005 3726 ΒΤ
1017 3672 1077 3725 edd.
1115 3672 1132 3725 8
1145 3670 1246 3724 habere
1260 3670 1288 3723 P

130 3762 285 3828 thomice,
304 3780 338 3819 m.
358 3767 373 3815 1
391 3779 461 3819 corr.
479 3762 591 3817 hominu
609 3762 637 3815 P
736 3761 910 3815 liberiumT
1003 3760 1165 3815 dominicam
1184 3757 1286 3828 plenda

130 3853 215 3917 (m.2
239 3851 377 3905 dominica
399 3852 547 3923 implenda)
570 3851 700 3905 mandata
718 3850 744 3903 L
768 3849 905 3904 dominica
927 3853 1073 3920 praecepta
1095 3845 1236 3917 implenda
1261 3846 1287 3899 Τ

129 3938 189 3997 edd.
247 3940 280 3994 10
299 3940 416 4009 gratiam
434 3940 463 3993 P
517 3939 628 4009 spiritus
648 3940 734 3993 sancti
757 3937 860 3993 Teuc.
917 3938 948 3992 11
970 3937 1043 3991 omni
1060 3936 1153 4005 modo]
1174 3935 1282 3989 omnino

128 4026 189 4082 edd.
251 4028 536 4082 anathematizandum
561 4028 662 4083 Tedd.
721 4028 753 4081 12
773 4044 790 4081 a
809 4030 839 4080 in
856 4044 885 4081 a.
904 4028 986 4081 initio
1004 4044 1039 4080 m.
1059 4029 1080 4079 2
1098 4025 1164 4079 add.
1184 4024 1285 4079 aido

130 4120 162 4172 13
181 4118 254 4172 deut
272 4118 303 4171 aba
316 4116 377 4186 fiae
390 4134 457 4187 pap.
477 4134 528 4172 om.
551 4116 600 4170 00
673 4118 707 4170 14
726 4120 846 4171 statuere
865 4116 892 4168 L
909 4132 960 4171 aec.
985 4115 1063 4184 Valp.
1133 4114 1166 4167 18
1185 4111 1233 4167 aed
1250 4113 1283 4165 aba

122 4208 183 4277 fiee
200 4224 228 4260 a.
248 4206 349 4263 om.T
401 4208 437 4260 20
455 4206 579 4261 iaciendo
602 4206 706 4261 Taua.
761 4206 794 4259 21
816 4205 954 4259 adiutoria
972 4204 1000 4257 P
1052 4202 1087 4257 22
1106 4202 1284 4265 habetati

128 4312 195 4351 corr.
215 4294 330 4351 babebit
348 4296 375 4349 P
428 4296 463 4350 23
481 4295 543 4365 ipsa
560 4294 660 4351 om.T
713 4294 747 4347 24
766 4296 895 4363 rogantes
915 4292 995 4345 deum
1018 4292 1119 4347 Tedd.

1191 4393 1244 4449 29*
