3092 4959
547 379 812 448 epistularum
841 379 918 436 CXL.
1242 387 1303 448 161

156 575 192 638 in
217 575 314 639 hunc
343 575 527 639 mundum.
558 575 585 638 si
615 593 737 638 omnem
768 574 940 642 hominem.
969 595 1043 660 ergo
1067 578 1100 640 et
1122 576 1304 641 Iohannem.

155 685 251 764 atque
277 686 312 745 ut
334 683 437 765 magis
461 681 606 745 ostendat
631 682 726 745 huius
746 680 947 745 diuinitatem
965 682 1060 766 longe
1078 683 1306 765 praestantiore

155 789 318 853 distantia:
346 789 382 853 ln
407 791 477 852 hoc
500 789 645 863 mundo,
670 789 784 870 inquit,
809 797 889 851 erat
908 793 945 853 et
964 789 1121 853 mundus
1139 809 1205 871 per
1223 809 1304 854 enm

153 897 281 959 factus
307 898 365 960 est
388 900 424 958 et
448 895 605 958 mundus
636 915 716 958 eum
747 915 813 959 aon
844 897 1033 977 cognouit.
1063 916 1124 960 non
1153 897 1302 970 mundus,

120 1003 207 1083 aqui
232 1021 288 1085 per
311 1022 384 1066 eum
407 1002 511 1066 factus
536 1005 688 1076 osteum
712 1021 772 1064 non
797 1003 958 1085 cognouit,
978 1022 1078 1082 neque
1102 1004 1186 1067 enim
1210 1005 1305 1068 habet

153 1112 219 1174 uim
245 1109 455 1193 cognoscendi
480 1127 552 1172 eum
576 1109 637 1172 nisi
664 1109 827 1172 rationalis
855 1113 1007 1185 creatura,
1032 1111 1180 1191 quamuis
1209 1111 1303 1175 etiam

152 1217 376 1282 mundusisto
402 1215 538 1280 nisibilis
567 1235 623 1298 per
650 1235 722 1278 eum
750 1215 855 1280 factus
884 1215 1020 1289 sithoc
1049 1220 1099 1280 est
1125 1216 1249 1280 caelum
1273 1227 1306 1281 et

152 1328 245 1398 terra,
270 1322 325 1386 sed
348 1321 502 1386 mnndum
531 1341 591 1386 non
621 1323 864 1402 cognoscentem
892 1322 1080 1404 increpando
1111 1321 1306 1405 significauit

151 1429 294 1492 infideles
320 1427 512 1492 constitutos
537 1426 720 1490 inmundo.

63 1527 81 1586 9
104 1555 131 1594 ro
197 1535 318 1600 Deinde
342 1535 500 1617 adiungit:
526 1534 565 1597 ln
591 1553 657 1597 sua
680 1533 833 1616 propria
855 1534 962 1598 uenit
986 1538 1023 1598 et
1045 1535 1105 1598 sui
1128 1553 1209 1598 cum
1230 1556 1303 1600 non

150 1646 385 1724 receperunt,
411 1642 480 1704 siue
505 1641 579 1722 quia
603 1641 719 1722 stipsi
742 1639 896 1713 infideles,
920 1641 951 1703 in
976 1645 1129 1722 quantum
1159 1642 1302 1707 homines

149 1753 235 1826 sunt,
274 1749 342 1812 eius
375 1750 460 1825 sunt,
495 1766 548 1830 per
580 1767 673 1829 quem
708 1747 805 1811 creati
842 1751 927 1815 sunt.
960 1748 1030 1812 siue
1067 1767 1144 1812 suos
1179 1750 1304 1830 proprie

149 1856 286 1920 ludaeos
311 1855 455 1936 intellegi
478 1854 593 1930 uoluit,
618 1874 653 1917 er
679 1854 795 1935 quibus
820 1861 963 1918 naturam
988 1855 1089 1918 camis
1113 1853 1302 1937 adsumpsit.

149 1982 207 2027 nec
230 1969 335 2025 tamen
362 1979 469 2026 omnes
494 1980 566 2024 eum
586 1979 646 2024 non
666 1967 867 2043 receperunt3
893 1962 1037 2042 sequitur
1056 1962 1138 2024 enim
1159 1963 1191 2024 et
1210 1961 1302 2025 dicit:

104 2087 130 2124 ιε
151 2069 350 2150 Quotquot
369 2073 490 2131 autem
512 2073 737 2149 receperunt
756 2087 848 2144 oum,
869 2068 974 2131 dedit
993 2068 1047 2131 eis
1070 2071 1303 2150 potestatem

148 2177 260 2240 filios
290 2175 348 2238 dei
378 2175 466 2239 ilari
496 2174 741 2238 credentibus
769 2175 804 2237 in
835 2175 981 2238 nornine
1015 2175 1107 2252 eius,
1138 2176 1201 2255 qui
1234 2195 1303 2240 non

149 2301 190 2346 ex
220 2282 475 2365 sanguinibus
504 2301 624 2364 neque
654 2300 693 2344 ex
720 2282 921 2345 uoluntate
949 2281 1075 2345 carnis
1107 2301 1228 2363 neque
1262 2301 1303 2344 ex

148 2389 351 2452 uoluntate
376 2389 449 2452 uiri
474 2389 538 2451 sad
563 2407 602 2450 er
628 2388 694 2451 deo
720 2388 798 2450 nati
823 2391 920 2453 sunt.
942 2388 1018 2450 haec
1038 2391 1088 2451 est
1107 2387 1208 2470 gratia
1228 2388 1302 2450 noni

146 2495 346 2570 testamenti,
371 2495 455 2576 qnod
479 2494 510 2557 in
535 2498 641 2558 uetere
665 2494 760 2557 latuit
783 2513 841 2558 nec
860 2501 964 2557 tamen
985 2493 1096 2576 figuris
1116 2494 1303 2557 obumbran-

101 2619 128 2659 ao
147 2603 238 2666 tibus
262 2601 444 2684 prophetari
468 2601 744 2683 praenuntiarique
769 2601 920 2675 cessauit,
944 2606 981 2663 ut
1008 2601 1176 2683 intellegat
1200 2602 1303 2663 anima

147 2709 246 2772 deum
266 2727 359 2770 suam
380 2713 412 2770 et
431 2707 532 2790 gratia
551 2707 619 2770 cius
639 2711 821 2770 renascatur
838 2708 897 2773 illi.
918 2707 996 2770 haec
1015 2707 1131 2788 quippe
1151 2707 1301 2770 natiuitas

146 2814 304 2896 spiritalis
329 2817 387 2879 est.
411 2812 482 2876 ideo
507 2833 568 2876 non
593 2833 628 2877 ex
653 2814 873 2897 sanguinibus,
897 2834 958 2878 non
983 2833 1019 2877 en
1046 2813 1213 2876 uoluntate
1242 2812 1300 2876 uiri

144 2939 207 2985 nec
231 2939 266 2983 er
291 2921 455 2984 uoluntate
480 2921 581 2984 carnis
606 2921 661 2984 sed
688 2940 723 2983 er
748 2920 815 2983 deo.

4 3029 75 3093 Ι’10
192 3027 281 3091 Ηεεε
315 3027 408 3090 etiam
443 3027 571 3110 adoptio
609 3032 750 3091 uocatur.
789 3047 913 3092 eramus
948 3028 1031 3090 enim
1065 3026 1185 3108 aliquid
1219 3030 1300 3101 ante,

96 3155 124 3194 aa
145 3153 245 3217 quam
269 3153 412 3198 essemus
435 3133 495 3198 filii
519 3135 579 3203 dei.
604 3138 636 3198 et
659 3135 841 3217 accepimns
864 3133 1064 3205 beneficium,
1084 3137 1120 3195 ut
1143 3132 1301 3205 fieremus,

144 3241 233 3322 quod
259 3258 317 3303 non
343 3259 477 3316 eramus,
503 3241 596 3315 sicut,
622 3241 676 3322 qui
700 3241 878 3322 adoptatur.
908 3247 989 3315 ante,
1016 3259 1109 3320 quam
1138 3238 1301 3320 adoptare-

144 3353 210 3418 tur,
244 3347 383 3410 nondum
419 3352 485 3411 erat
517 3347 602 3411 filius
636 3347 715 3424 eius,
746 3365 763 3410 a
792 3368 853 3429 quo
887 3347 1065 3428 adoptatur,
1099 3346 1162 3409 iam
1194 3350 1299 3408 tamen

145 3457 224 3530 erat,
251 3452 304 3534 qui
330 3453 542 3534 adoptaretur.
563 3457 596 3516 et
615 3454 651 3516 ab
666 3455 730 3516 ¹hac
751 3454 952 3536 generatione
973 3454 1092 3535 gratiae
1112 3452 1302 3517 discernitur

238 3713 255 3764 3
276 3711 333 3764 ioh.
355 3710 378 3772 1,
400 3711 432 3764 10
489 3710 534 3774 10;
556 3710 666 3763 151011.
689 3711 712 3778 1,
733 3709 838 3763 11-13

182 3837 255 3888 2ut
278 3833 375 3902 magis]
402 3843 431 3884 ut
454 3835 541 3902 magis
562 3835 637 3888 utO
727 3834 819 3887 3lroo
842 3838 868 3903 (o
893 3851 927 3888 ca
949 3850 1018 3887 corr.
1043 3852 1077 3888 m.
1101 3835 1209 3888 artuid.
1229 3840 1254 3902 1)
1273 3835 1299 3888 L

182 3941 230 3992 per
249 3923 336 3992 ipsum
362 3921 451 3975 anc.
478 3923 556 3991 Vuip.
611 3923 746 3976 literram
766 3922 820 3976 LO
871 3925 901 3977 ll
923 3927 952 3976 et
971 3939 1031 3991 om,
1050 3927 1119 3976 m.2
1139 3922 1175 3988 (?)
1190 3922 1300 3978 adal*

143 4015 180 4068 12
201 4014 259 4065 eiua
278 4011 448 4064 lanruac
541 4011 680 4065 reuereri
701 4010 727 4064 G
814 4013 848 4064 ‘20
867 4013 1090 4080 pronuntiarique
1114 4011 1298 4079 TflMiqa.

182 4101 283 4169 anima]
304 4102 394 4152 anima
414 4100 447 4151 ei'
466 4099 511 4167 (ei’
531 4117 565 4152 m.
579 4105 611 4152 ret
624 4099 682 4152 uid.
698 4103 713 4152 1
728 4100 793 4165 del.)
813 4099 838 4152 T
870 4100 905 4152 22
921 4117 964 4168 pr.
980 4101 1044 4166 noni
1063 4106 1110 4152 nee
1126 4102 1168 4167 (ee
1187 4103 1258 4167 cap.)
1279 4100 1302 4151 Τ

142 4191 181 4244 23
200 4191 261 4257 nec)
280 4204 333 4241 non
357 4187 484 4257 Oneque
504 4188 563 4242 edd.
655 4190 689 4243 28
709 4187 871 4243 discernitur
889 4190 963 4257 (del.)
982 4189 1070 4258 gracie
1090 4187 1253 4241 discernitur
1276 4188 1302 4240 Τ

182 4279 273 4347 gratia
292 4276 348 4330 LG

171 4403 303 4444 xxxxiiii
318 4403 376 4452 Aug.
393 4404 482 4443 recall
497 4413 548 4452 pars
564 4405 583 4445 a.
1230 4384 1260 4436 11
