3092 4959
229 336 292 399 134
581 334 608 390 S.
636 334 773 388 Aureli
801 334 1019 404 Augustini

228 528 306 592 haee
329 531 424 610 atque
446 527 542 593 huius
565 529 652 594 modi
675 529 774 592 uerba
797 528 1043 594 obtrectantium
1071 530 1139 595 sine
1167 548 1227 595 non
1252 529 1373 595 obtrec-

227 633 323 698 tando
343 634 399 699 sad
418 636 595 718 quaerendo
613 636 690 700 talia
708 637 907 718 loquentium
927 638 1090 721 operosius
1104 638 1239 703 fortasse
1253 636 1376 702 refelle-

227 761 304 816 rem,
328 741 390 805 uisi
417 741 495 807 baec
523 742 770 826 disceptationes
794 743 983 808 haberentur
1006 763 1078 809 cum
1101 745 1179 808 uiris
1202 745 1379 809 liberaliter

227 849 396 914 institutis.
425 851 508 914 unda
536 850 612 932 qnid
640 869 720 933 opus
749 854 808 929 est,
832 854 870 915 ut
897 850 1017 915 diutins
1045 851 1226 916 laboremus
1254 870 1377 916 acuon

227 954 315 1038 ipsos
339 955 447 1038 potius
471 961 702 1038 percontemur,
723 976 784 1039 quo
804 957 897 1022 modo
916 959 1061 1038 poterant
1084 957 1259 1041 gubernare
1283 959 1379 1039 atqua
1412 979 1427 1019 s

229 1081 345 1145 angere
364 1081 431 1127 rem
450 1063 622 1146 publicam,
642 1083 738 1146 quam
757 1083 795 1128 er
813 1082 910 1146 parua
929 1065 960 1127 et
978 1063 1064 1146 inopi
1082 1083 1229 1149 maguam
1249 1066 1379 1147 opulen-

228 1173 359 1250 tamque
384 1169 536 1248 iecerunt,
557 1170 612 1252 qui
634 1173 774 1253 ‘accepta
795 1170 910 1235 iniuria
932 1170 1097 1254 ignoscere
1116 1189 1209 1252 quam
1228 1172 1380 1254 persequi

229 1275 422 1340 malebant'?
446 1296 508 1359 quo
531 1277 625 1342 modo
645 1276 782 1356 Caesari,
804 1278 913 1360 utique
936 1277 1185 1342 administratori
1207 1278 1252 1344 rei
1275 1277 1381 1361 publi-

230 1401 296 1460 cae,
319 1401 423 1446 mores
447 1382 516 1446 eius
541 1383 693 1448 extollens
718 1383 827 1448 Cicero
853 1382 987 1460 dicebat,
1013 1382 1097 1467 quod
1124 1383 1205 1448 nibil
1232 1371 1383 1448 obliuisci

230 1489 347 1582 soleret
369 1489 430 1554 nisi
452 1490 606 1554 iniurias?
630 1489 757 1554 dicebat
780 1491 865 1555 enim
888 1491 950 1555 hoc
976 1495 1042 1554 tam
1071 1509 1207 1574 magnus
1234 1490 1383 1555 laudator
1403 1513 1430 1552 ro

231 1599 288 1660 aut
314 1599 380 1660 tam
408 1615 543 1680 magnus
571 1596 728 1673 adulator;
758 1596 815 1662 sed
847 1596 874 1662 si
905 1597 1059 1676 laudator,
1087 1599 1184 1662 talam
1213 1596 1382 1662 Caesarem

230 1707 372 1783 uouerat,
404 1705 431 1767 si
469 1706 575 1768 autem
613 1704 768 1781 adulator,
802 1704 900 1768 talem
938 1723 1008 1769 esse
1046 1705 1158 1769 debere
1196 1703 1385 1768 ostendebat

230 1810 406 1893 principem
436 1811 589 1889 ciuitatis,
613 1811 740 1893 qualem
762 1810 856 1875 illum
883 1810 1040 1876 fallaciter
1066 1808 1276 1894 praedicabat.
1307 1807 1384 1892 quid

232 1920 283 1982 est
309 1920 417 1981 autem
444 1935 505 1982 non
533 1917 662 1982 reddere
694 1917 815 1982 malrum
846 1935 903 2000 pro
936 1918 1020 1982 malo
1051 1917 1115 1982 nisi
1147 1916 1312 1981 abhorrere
1345 1915 1383 1980 ab

231 2023 407 2088 ulciscendi
434 2024 574 2102 libidine,
604 2024 689 2106 quod
717 2026 767 2089 ost
795 2028 925 2106 accepta
951 2025 1066 2088 iniuria
1092 2024 1256 2108 ignoscere
1287 2023 1385 2087 malle
1407 2044 1436 2086 re

233 2149 328 2212 quam
351 2130 498 2213 persequi
522 2135 555 2196 et
577 2130 656 2196 nihil
679 2131 741 2196 nisi
764 2131 895 2196 iniurias
921 2131 1090 2197 obliuisci?

168 2230 210 2294 10
278 2237 365 2302 Haeo
399 2256 471 2302 cum
504 2238 535 2303 in
570 2257 680 2303 eorum
711 2239 863 2323 leguntur
896 2225 1089 2316 arrotoribus,
1123 2238 1316 2302 exclamatur
1353 2239 1386 2300 et

230 2345 408 2426 plauditur3
440 2344 576 2409 describi
609 2351 704 2428 atque
737 2346 909 2428 praedicari
942 2365 1045 2410 mores
1078 2344 1237 2419 uidentur,
1267 2341 1384 2426 quibus

238 2450 369 2532 dignum
388 2455 475 2515 esset
494 2471 660 2541 exsurgere
678 2454 854 2530 ciuitatem,
871 2471 951 2537 quae
970 2455 1019 2517 tot
1037 2452 1187 2538 gentibus
1205 2452 1387 2533 imperaret,

240 2557 325 2640 quod
349 2562 479 2642 accepta
500 2558 615 2624 iniuria
632 2561 797 2644 ignoscere
817 2579 911 2642 qnam
931 2561 1081 2642 persequi
1109 2557 1290 2623 malebant‘.
1316 2575 1389 2621 cum
1409 2579 1439 2620 ao

332 2820 348 2871 6
368 2818 432 2874 Sall.
452 2817 512 2874 Cat.
531 2821 575 2888 52,
595 2820 628 2874 19
719 2821 748 2885 73
768 2819 803 2874 20
823 2819 887 2874 Sall.
907 2819 966 2876 Cat.
986 2821 1011 2884 9,
1031 2821 1047 2874 5
1147 2821 1163 2874 9
1183 2817 1238 2873 cic.
1257 2833 1306 2887 pro
1325 2815 1387 2886 Lig.

243 2910 285 2977 12,
304 2909 339 2962 35

276 3084 478 3140 lobtrectanti
496 3084 526 3138 D
596 3099 784 3152 nonom.,m.
806 3087 824 3138 3
848 3083 964 3140 1111111
1052 3080 1234 3136 treiellerim
1252 3079 1280 3134 R
1299 3079 1387 3150 repel-

233 3175 317 3229 lerem
336 3173 364 3226 P
426 3175 443 3226 3
463 3173 529 3243 hece
547 3173 574 3225 A
593 3172 653 3243 hep,
674 3188 742 3226 corr.
761 3173 813 3244 bap
832 3172 865 3226 Η
881 3173 966 3226 haeae
986 3171 1117 3237 (altman
1136 3185 1167 3224 ae
1186 3172 1256 3238 esp.)
1275 3169 1302 3222 P
1319 3168 1387 3222 heae

235 3266 264 3320 D
285 3267 317 3317 ut
334 3263 386 3316 beo
407 3261 499 3318 Chae
517 3262 581 3315 EM
599 3261 660 3316 edd.
720 3260 920 3331 disputationes
938 3259 994 3314 ER
1014 3259 1208 3330 dispositiones
1226 3258 1254 3312 A
1290 3259 1307 3311 5
1325 3273 1386 3327 per-

237 3358 394 3406 cunctemur
412 3350 450 3403 M
464 3355 508 3418 (m.
530 3354 766 3420 2percontemur)
786 3351 840 3405 ΑΡ
856 3353 1045 3420 praeoptemus
1064 3348 1085 3402 I
1187 3349 1268 3415 atque
1286 3362 1387 3415 augere

235 3457 288 3497 om.
308 3440 339 3495 D
430 3440 585 3508 begereI
667 3455 753 3509 parua
771 3457 833 3494 erm
850 3457 907 3494 rue.
924 3455 1014 3507 cupra
1030 3443 1117 3507 pcatr.
1138 3437 1156 3490 1.
1176 3435 1214 3489 Μ
1228 3451 1340 3506 paruam
1358 3433 1387 3488 B

275 3529 485 3599 opulentamque
503 3527 566 3583 MA
583 3529 823 3598 opulentsamquae
842 3527 908 3596 (fuit
927 3528 936 3580 i
955 3531 980 3581 et
1000 3527 1025 3594 a)
1043 3527 1071 3580 P
1173 3525 1188 3578 7
1209 3523 1265 3593 qui]
1286 3523 1351 3594 quia
1368 3521 1390 3574 I

236 3617 421 3684 Bmalebaut,
439 3618 471 3671 in
488 3633 575 3686 marg.
595 3617 764 3672 uolebantI
835 3615 949 3672 cae-sari
968 3615 1035 3683 (suit
1054 3618 1076 3683 s)
1095 3615 1143 3669 ΕΙ
1213 3613 1386 3666 administra·

235 3691 405 3776 tori'utique
424 3705 485 3760 edd.
498 3712 612 3775 praeter
631 3724 650 3760 a
722 3705 916 3760 amministrari
934 3705 961 3758 A
981 3703 1171 3758 administrare
1189 3701 1245 3756 ER
1310 3699 1385 3756 adi-

237 3796 337 3850 cebant
357 3800 383 3863 (n
403 3798 486 3863 eras.)
503 3796 525 3849 I
561 3797 593 3850 10
612 3795 720 3850 solebat
736 3795 758 3848 I
809 3793 944 3862 laudatos,
962 3811 997 3848 m.
1016 3797 1031 3846 1
1050 3809 1118 3848 corr.
1137 3791 1197 3845 aeid.
1215 3789 1344 3845 laudator
1356 3787 1391 3842 H

239 3887 270 3940 ll
291 3902 423 3940 cessarem
442 3887 503 3955 (alt.
522 3903 536 3939 s
555 3886 673 3949 eras.)I
708 3887 742 3940 14
761 3885 917 3953 abhorrere]
938 3884 971 3938 ab
992 3899 1079 3938 enare
1093 3883 1122 3936 A
1176 3881 1208 3935 ab
1228 3878 1385 3945 ulciscendi,

237 3967 1386 4042 aedciaxcorm.1;fuo'toauteMabajduliceuti(aderas.,·postl

237 4081 259 4119 a.
278 4081 306 4117 u.
326 4079 341 4117 c
361 4061 439 4131 cdd.)
458 4063 487 4117 D
505 4063 538 4116 ab
558 4061 733 4116 adulescendi
750 4059 779 4115 R
870 4061 904 4112 15
923 4059 1063 4113 libidinem
1082 4058 1133 4113 DI
1238 4055 1305 4126 quid
1322 4054 1389 4110 ΒΜ

274 4150 345 4206 male
363 4151 392 4206 R
447 4153 480 4206 16
500 4150 625 4205 obliuisci
644 4150 756 4203 iniurias
775 4149 804 4202 D
860 4149 892 4202 18
911 4147 1065 4218 praedicare
1084 4147 1139 4202 ER
1209 4146 1241 4199 19
1260 4143 1385 4214 dignum]

238 4241 367 4294 idoneum
385 4241 407 4293 I
476 4257 544 4308 esse,
561 4257 596 4293 m.
617 4242 637 4291 2
655 4240 729 4292 esset
746 4237 774 4290 P
