3092 4959
264 423 329 486 228
620 422 647 478 S.
676 421 817 476 Aureli
843 421 1061 490 Augustini

264 617 490 702 gloriabantur,
512 618 603 701 quasi
626 640 688 686 non
713 619 902 702 acceperint,
922 617 979 682 sed
998 637 1054 702 por
1072 636 1106 682 se
1124 617 1213 702 ipsos
1235 619 1408 696 habuerint,

265 745 329 809 quo
357 727 527 809 placerent,
557 726 642 791 siout
669 727 772 806 stulti,
802 726 856 810 qui
884 731 918 789 et
945 725 1007 788 sibi
1034 725 1162 809 placent
1188 730 1354 810 tamquam
1375 726 1409 790 de

264 833 346 897 bono
375 851 393 896 a
421 851 454 897 so
483 833 544 898 sibi
571 836 680 915 parato
711 837 742 898 et
770 833 809 896 ab
840 831 1044 896 adulantibus
1077 833 1129 897 nal
1162 834 1340 899 errantibus
1369 833 1411 897 ita

265 939 445 1014 laudantur,
471 958 506 1004 ac
533 940 560 1004 si
583 940 646 1024 ipsi
671 941 735 1004 sint
759 938 889 1022 aliquid.
920 939 982 1020 qui
1006 943 1114 1002 autem
1137 943 1247 1022 putat
1270 959 1310 1004 se
1334 957 1410 1004 esse

266 1046 423 1130 aliquid,
458 1066 540 1112 curn
572 1045 668 1112 nihil
701 1049 762 1124 sit,
793 1047 878 1111 siout
909 1046 985 1110 dicit
1018 1049 1194 1128 apostolus,
1222 1067 1260 1111 se
1293 1047 1410 1130 ipsum
1437 1065 1447 1102 ε

267 1151 425 1218 seducit.
451 1173 544 1236 opus
565 1157 688 1218 autem
708 1173 817 1218 snum
836 1153 971 1235 probet
989 1154 1254 1236 unusquisque
1273 1158 1312 1218 et
1329 1159 1412 1218 tuno

265 1261 303 1322 in
332 1279 370 1324 so
397 1259 482 1343 ipso
512 1262 658 1325 tautum
686 1259 846 1344 gloriam
874 1257 1031 1324 habebit
1059 1263 1096 1324 at
1123 1279 1193 1325 non
1221 1261 1257 1324 in
1287 1260 1411 1325 altero.

267 1367 327 1430 hoc
351 1369 400 1430 est
422 1368 548 1448 portare
572 1368 678 1431 oleum
702 1385 821 1444 secum,
845 1385 904 1430 non
930 1384 966 1429 er
990 1365 1093 1430 aliena
1113 1365 1209 1432 laude
1233 1366 1412 1449 dependere.

268 1472 323 1537 sed
347 1491 442 1555 quam
463 1473 595 1556 gloriam
614 1473 646 1538 in
667 1491 700 1538 se
720 1472 851 1537 babebit
869 1471 931 1536 nisi
955 1491 1038 1551 enm,
1059 1471 1110 1536 oui
1131 1472 1264 1538 dicitur:
1288 1471 1412 1538 Gloria

269 1599 348 1644 mea
376 1581 413 1642 et
441 1580 611 1644 exaltans
640 1585 753 1662 caput
781 1598 914 1653 meum,
939 1581 986 1655 ut,
1015 1578 1100 1661 quod
1128 1598 1222 1661 saepe
1250 1579 1448 1644 dicandumu

269 1689 328 1764 cst,
353 1685 414 1768 qui
439 1685 638 1769 gloriatur,
662 1685 696 1750 in
724 1685 872 1751 domino
896 1686 1107 1770 glorietur?

203 1787 244 1852 80
314 1791 448 1857 Proinde
477 1794 641 1874 sapientia,
671 1813 752 1876 quae
779 1794 812 1857 in
845 1793 1042 1875 sapientibus
1074 1793 1252 1876 uirginibus
1284 1793 1411 1866 habitat

270 1898 443 1963 seeundum
466 1899 558 1978 illud,
584 1899 668 1982 quod
692 1904 764 1964 ante
786 1899 951 1983 praedixit,
976 1919 1049 1964 curn
1078 1900 1123 1964 ait
1146 1901 1411 1983 contemptoribus

269 2011 301 2070 ot
325 2025 433 2070 sanam
458 2006 633 2071 doctrinam
661 2007 802 2089 accipere
830 2006 1069 2072 recusantibus:
1097 2007 1144 2070 Itt
1170 2026 1238 2092 ego
1267 2009 1410 2071 uestrae

269 2112 477 2197 perditioni
498 2111 756 2194 superridebo,
776 2111 855 2176 dicit
873 2111 1051 2196 uirginibus
1070 2113 1192 2177 stultis:
1212 2114 1270 2177 Ite
1289 2113 1410 2197 potius
1425 2127 1447 2169 1⁵

270 2218 313 2284 ad
336 2219 543 2283 uendentes
569 2221 606 2283 et
629 2219 741 2282 emite
765 2218 887 2296 uobis,
906 2222 1070 2301 tamquam
1094 2219 1227 2284 diceret:
1250 2219 1315 2284 Ubi
1332 2225 1408 2287 sunt.

270 2326 324 2407 qui
346 2345 406 2390 uos
434 2324 587 2390 fallebant
614 2325 868 2390 mendosissimis
896 2325 1055 2403 laudibus,
1081 2326 1205 2408 qnando
1230 2329 1264 2390 et
1286 2346 1304 2390 a
1325 2327 1408 2390 uobis

269 2431 473 2507 fallebamini,
498 2432 574 2514 quia
595 2431 627 2495 in
650 2431 743 2496 uobis
768 2432 884 2496 nonin
910 2432 1036 2498 domino
1065 2432 1306 2518 gloriabamini?
1334 2430 1408 2514 quod

271 2543 377 2603 autom
401 2538 495 2603 dicit:
520 2539 566 2602 lit
590 2538 674 2602 dum
694 2544 784 2603 aunt
803 2557 933 2616 emere,
953 2539 1059 2604 uenit
1078 2558 1241 2622 sponsus
1262 2544 1307 2612 et,
1326 2555 1407 2620 quaa

270 2649 424 2728 paratae
458 2650 574 2724 erant,
607 2646 850 2710 intrauerunt
887 2665 969 2712 cum
1002 2666 1054 2727 eo,
1088 2648 1148 2712 hoc
1181 2646 1259 2713 mibi
1292 2646 1445 2710 uidetur*

270 2753 530 2836 intellegendum,
565 2752 649 2835 quod
681 2753 800 2818 uitioso
839 2753 942 2818 cordis
979 2753 1095 2818 affectu
1131 2753 1300 2818 inhiabunt
1333 2749 1407 2816 inani

272 2859 400 2943 gloriae,
431 2879 525 2942 quam
554 2879 654 2924 uanae
682 2860 799 2924 mentis
833 2860 969 2924 elatione
1002 2863 1141 2925 sectatae
1173 2864 1256 2925 sunt
1288 2865 1321 2924 at
1348 2859 1407 2940 ipse

272 2967 432 3048 appetitus
455 2965 654 3049 significatus
678 2966 778 3030 estin
803 2985 850 3043 co,
872 2967 956 3047 quod
980 2967 1101 3030 dictum
1126 2970 1189 3031 est:
1214 2969 1307 3032 Dum
1331 2965 1408 3029 eunt

273 3092 403 3137 emere.
446 3073 535 3136 uenit
576 3077 681 3136 autem
724 3092 861 3156 sponsus
899 3078 931 3136 et
971 3072 1160 3138 introierunt
1196 3092 1270 3138 cum
1307 3091 1342 3136 eo
1374 3067 1407 3133 ad

361 3294 592 3359 adalae-4
656 3295 818 3361 9Ps.3,4
883 3295 1124 3360 111001.1‚31
1188 3293 1409 3359 1lProu.1,2o

275 3384 307 3438 15
327 3384 423 3437 Matth.
444 3386 487 3448 25,
507 3385 524 3438 9
581 3386 613 3439 19
632 3385 732 3438 nauh.
752 3387 795 3449 25,
817 3386 850 3440 10

309 3508 325 3560 3
345 3511 421 3576 parto
441 3507 467 3559 L
485 3511 529 3574 (m.
545 3513 560 3560 1
578 3523 646 3562 corr.
665 3511 771 3576 parato)
790 3508 842 3563 ΟΒ
876 3510 895 3561 4
914 3507 1050 3572 laudatur,
1064 3525 1099 3562 m.
1113 3513 1129 3561 1
1142 3525 1213 3564 corn.
1232 3503 1415 3564 laudantnrN

310 3596 333 3648 si
351 3619 400 3646 m
418 3597 524 3664 (fuitne
542 3597 595 3666 ipsi
614 3595 640 3662 ,9)
660 3596 713 3666 ipsi
732 3597 763 3651 N
834 3613 864 3650 so
881 3597 1005 3666 putatT
1074 3601 1174 3667 putant
1192 3597 1218 3650 L
1273 3595 1414 3652 bsitsir·

272 3685 341 3754 pulo
357 3684 422 3738 stilo
441 3691 579 3738 commeato
596 3701 678 3754 super
696 3686 707 3738 i
725 3686 856 3755 imposito
868 3686 895 3739 L
949 3702 978 3738 sa
991 3685 1090 3755 ipsum]
1109 3685 1168 3754 ipse
1182 3703 1212 3740 aa
1224 3685 1259 3740 N
1273 3703 1323 3742 sec
1341 3683 1415 3752 Volo.

275 3775 397 3827 isemet
415 3774 475 3843 ipso
493 3773 581 3828 RNT
596 3790 646 3828 sco.
670 3774 749 3844 Vuly.
805 3775 931 3830 Solenm
949 3790 1027 3828 snum
1046 3791 1137 3829 seeum
1158 3773 1213 3829 GT
1270 3773 1416 3846 dependere

275 3879 326 3917 om.
349 3861 544 3932 Tdopendere
563 3862 608 3929 (dc
628 3863 691 3929 del.)
710 3862 739 3918 R
757 3863 923 3933 penderaG
959 3863 1054 3918 team
1073 3864 1135 3920 edd.
1148 3871 1262 3933 praeter
1279 3881 1307 3918 ss
1340 3862 1373 3916 lo
1389 3871 1418 3914 et

275 3967 326 4005 ont.
357 3950 383 4005 G
510 3952 543 4005 15
570 3951 732 4022 perditionis
763 3952 968 4022 Opdioationi,
996 3969 1031 4009 m.
1058 3959 1091 4006 ut
1116 3953 1175 4007 uid.
1204 3957 1225 4007 2
1250 3951 1367 4024 pditioni
1393 3947 1420 4000 1'

311 4066 403 4120 stultis
422 4066 574 4135 uirginibus
593 4067 653 4121 edd.
719 4068 752 4122 18
772 4069 847 4139 qnia]
867 4069 911 4138 qd,
930 4085 964 4121 na
984 4072 1000 4121 1
1019 4084 1088 4123 corr.
1108 4033 1176 4138 (ΓΝ
1229 4071 1263 4122 19
1282 4070 1352 4123 irent
1370 4061 1420 4120 OT

275 4171 325 4210 aee.
349 4155 428 4225 Vulp.
503 4157 959 4226 quseom.,m.1ass.odd.0
1005 4157 1041 4212 20
1060 4174 1120 4211 cnm
1140 4174 1172 4212 eo
1192 4158 1227 4212 sd
1243 4159 1352 4228 nuptias
1369 4154 1418 4208 boe

279 4243 334 4298 GT
349 4259 400 4298 sec.
418 4261 490 4298 aaa.
511 4245 562 4301 litt.
617 4246 649 4299 21
671 4247 816 4301 inhiabant
836 4246 888 4302 OT
956 4247 1157 4317 inani]uib1'
1209 4248 1245 4302 24
1263 4249 1351 4301 auum
1368 4241 1417 4296 det

281 4331 373 4386 Tora.
395 4331 500 4387 dead.
518 4349 569 4388 aec.
594 4333 671 4404 Vulp.
745 4336 917 4389 intrauerunt
938 4333 961 4390 0
