3092 4959
241 422 282 483 211
594 420 620 475 S.
648 419 786 473 Aureli
813 420 1034 489 Augdstini

240 615 345 679 saris
370 618 474 693 sunt,
499 618 538 679 et
562 615 644 693 deo,
669 636 767 699 quae
793 616 855 681 dei
881 620 984 680 sunt.
1009 618 1069 681 hoe
1093 617 1177 681 enim
1201 616 1288 695 dixit,
1312 636 1383 681 curn

239 722 300 786 sibi
324 721 538 787 demonstrato
562 742 692 787 nummo
714 726 745 787 et
768 723 924 805 quaesito,
944 723 1036 787 cuius
1055 724 1186 788 haberet
1202 723 1381 807 imaginem,

237 848 424 910 responsum
453 810 552 892 esset':
581 828 757 906 ‘Caesaris‘,
782 834 820 892 ut
846 829 919 893 hinc
941 830 1173 913 intellegerent,
1198 830 1283 913 qued
1306 829 1382 894 deus

238 935 376 1018 exigeret
395 934 432 999 ab
452 934 580 999 homine
598 936 768 1019 imaginem
789 956 878 1000 suam
899 936 930 999 in
949 936 1077 1002 homine
1094 936 1175 1019 ipso,
1190 937 1275 1001 sicut
1293 956 1381 1001 suam

238 1040 353 1106 Caesar
376 1042 521 1125 exigebat
544 1043 574 1105 in
600 1062 739 1106 nummo.
763 1051 880 1125 quanto
906 1043 1007 1128 magis
1036 1062 1110 1127 ergo
1137 1042 1297 1107 reddenda
1325 1048 1381 1120 est,
1416 1068 1430 1106 e

238 1149 539 1230 compromittitur.
564 1149 615 1213 cui
640 1150 735 1221 etiam
759 1170 820 1215 non
845 1150 1001 1233 promissa
1024 1150 1169 1216 debetur!

195 1250 212 1314 7
283 1254 491 1337 Quapropter,
520 1255 694 1334 carissime,
723 1276 849 1339 possem
879 1256 1008 1339 quidem
1034 1276 1091 1339 pro
1119 1275 1190 1320 mea
1220 1255 1381 1338 quantula-

237 1380 371 1445 cumque
403 1362 592 1426 facultatula
624 1363 727 1427 sancti
759 1364 924 1446 propositi,
954 1362 1038 1446 quod
1071 1364 1140 1427 deo.
1161 1364 1292 1428 nouisse
1323 1382 1380 1427 nos

236 1469 384 1552 comperi,
409 1470 538 1533 uberius
561 1464 689 1533 laudare
714 1468 852 1534 fructum
875 1488 911 1534 ao
935 1470 1160 1542 demonstrare,
1185 1470 1261 1553 quid
1285 1469 1381 1533 distet

235 1576 317 1639 inter
349 1575 546 1641 Christianos
585 1576 752 1641 dilectores
791 1576 901 1640 mundi
938 1576 1033 1641 huius
1071 1582 1104 1641 et
1140 1578 1379 1659 contemptores,
1399 1600 1428 1639 1⁰

236 1682 381 1765 quamuis
406 1681 515 1746 fideles
539 1683 666 1765 utrique
690 1682 845 1761 dicantur,
869 1683 980 1748 eodem
1003 1684 1129 1765 utrique
1152 1684 1277 1747 lauacro
1302 1682 1380 1746 sacri

235 1790 331 1855 fontis
355 1789 457 1854 abluti
480 1790 554 1871 sint,
579 1790 698 1855 eisdem
720 1791 825 1855 inbuti
849 1790 1086 1872 consecratique
1109 1789 1281 1872 mysteriis,
1304 1788 1380 1852 utri-

235 1916 296 1979 que
329 1895 469 1960 eiusdem
505 1897 660 1981 euangelii
693 1916 754 1963 non
787 1897 947 1961 auditores
980 1899 1104 1961 tanturn
1136 1915 1248 1960 uerum
1285 1896 1377 1959 etiam

233 2004 465 2086 praedicatores
489 2024 545 2068 nec
569 2005 695 2087 utrique
718 2007 825 2069 tamon
849 2006 938 2088 regni
962 2004 1013 2069 dei
1035 2005 1181 2087 lucisque
1211 2002 1378 2087 participes

234 2114 266 2174 ct
298 2112 382 2175 uitae
415 2115 568 2177 aeternae.
597 2131 677 2193 qnae
710 2113 778 2176 sola
810 2116 859 2176 eet
888 2112 991 2187 beata,
1020 2110 1201 2175 coheredes.
1233 2108 1378 2173 dominns
1396 2130 1426 2171 re

234 2217 316 2280 enim
340 2218 431 2281 Iesus
456 2238 515 2282 non
540 2218 577 2281 ab
603 2218 659 2294 eis,
681 2218 734 2299 qui
757 2237 818 2282 non
843 2218 985 2288 andiunt,
1006 2218 1062 2281 sed
1085 2236 1139 2282 eos
1162 2217 1246 2280 inter
1268 2235 1302 2279 se
1325 2234 1376 2277 au·

234 2324 351 2389 ditores
375 2326 543 2389 uerborum
568 2344 698 2387 suorum
721 2324 879 2389 latissimo
907 2324 1019 2400 limite,
1043 2344 1104 2388 non
1132 2322 1222 2387 tenui
1251 2322 1377 2386 distinc-

232 2429 317 2494 tione
348 2429 512 2494 discrerit:
546 2428 620 2509 Qui
651 2430 776 2509 audit,
804 2432 918 2512 inquit,
950 2432 1072 2495 uerba
1101 2450 1185 2495 mea
1214 2430 1310 2494 haec
1340 2432 1378 2493 et

231 2535 1377 2620 lacitea,similaboeumuiroprudenti,quiaediiioauit

232 2641 386 2706 domum
408 2662 517 2707 suam
538 2662 656 2725 super
675 2646 844 2725 petram:
865 2644 1080 2709 descendit
1098 2644 1251 2727 pluuia,
1272 2660 1377 2708 uene·
1393 2665 1425 2703 ao

230 2753 324 2813 runt
356 2750 538 2822 flumina,
573 2748 782 2814 fleuerunt
819 2752 934 2815 uenti
969 2754 1008 2815 et
1045 2751 1308 2835 impegerunt
1339 2748 1375 2811 in

232 2856 386 2920 domum
418 2855 532 2921 illam
566 2859 604 2921 et
636 2876 709 2921 non
743 2858 909 2934 cecidit;
944 2858 1115 2923 fundata
1152 2857 1255 2922 enim
1293 2860 1377 2920 erat

323 3118 354 3171 18
373 3116 471 3171 Marah.
492 3118 516 3182 7,
537 3118 656 3183 24-27;
676 3119 740 3173 Luc.
761 3119 786 3187 6,
806 3120 912 3173 47-49

266 3258 282 3309 2
302 3257 486 3312 demonstrato
507 3259 560 3312 sibi
580 3259 617 3311 M
699 3264 795 3328 questo
814 3261 841 3312 A
861 3261 968 3330 questio
987 3258 1021 3311 M
1041 3259 1159 3327 questio,
1177 3276 1211 3311 m.
1232 3262 1253 3313 2
1271 3258 1375 3329 quesite

230 3344 269 3399 P²
322 3346 447 3401 habetC
518 3348 946 3417 maginem‚m.2imaginem1
996 3348 1243 3416 ⁴lerigeret,eorr·.
1263 3345 1376 3417 (m.1?)

231 3438 352 3504 exigerat
371 3436 541 3505 Peregerat
559 3437 589 3489 E
659 3438 758 3492 Caesar
777 3454 853 3490 enam
867 3439 965 3505 flrm
1038 3453 1113 3490 snam
1132 3454 1183 3493 om.
1204 3437 1231 3489 P
1277 3440 1375 3504 tergo

230 3523 318 3592 magis
336 3524 373 3577 M
437 3526 597 3594 lpossoG
666 3542 708 3579 me
727 3524 764 3578 Ρ1
833 3525 1045 3579 8facultatulas
1064 3529 1087 3593 (s
1107 3526 1170 3591 del.)
1188 3526 1222 3578 Η
1237 3524 1375 3579 facultati-

231 3612 292 3665 cula
309 3612 339 3667 E
417 3614 525 3667 nouisse
545 3615 596 3681 (uis
616 3616 695 3682 corr.)
714 3614 735 3667 I
750 3615 867 3675 uobisse,
887 3630 921 3667 m.
942 3618 961 3667 2
978 3616 1088 3667 nouisse
1107 3615 1144 3667 Μ
1232 3613 1375 3668 hubertus

231 3716 281 3755 one.
302 3700 389 3754 HPE
438 3702 467 3753 ll
489 3718 564 3755 sacro
583 3702 666 3755 tontis
688 3702 898 3756 Csaoristantis
916 3702 951 3755 H
965 3704 1049 3757 sacris
1067 3704 1153 3757 tantis
1172 3702 1227 3756 PE
1276 3704 1309 3757 12
1329 3702 1376 3756 ab·

230 3788 283 3842 luti
301 3794 365 3843 sunt
382 3790 500 3844 ΡΕΟΡ2
519 3794 562 3857 (m.
583 3797 597 3844 1
616 3790 631 3844 Ρ
649 3808 718 3846 corr.
738 3792 826 3845 abluti
845 3794 909 3858 sint)
929 3792 989 3845 edd.
1009 3792 1109 3845 ablutis
1129 3792 1197 3845 inl
1283 3808 1376 3846 conse-

231 3879 366 3948 cratisque
385 3882 467 3949 (posl.
487 3896 499 3933 s
520 3880 583 3945 del.)
601 3880 635 3933 H
688 3882 720 3935 13
741 3880 920 3935 adiutoresI
969 3882 1001 3935 14
1021 3881 1064 3934 dei
1084 3898 1134 3935 om.
1154 3881 1192 3933 M
1244 3882 1277 3935 15
1296 3882 1376 3935 beata

230 3968 376 4036 participes
396 3968 540 4021 coheredes
560 3970 593 4022 H
610 3970 669 4028 (her
689 3971 719 4022 in
738 3986 793 4025 ras.
812 3986 847 4023 m.
865 3976 898 4023 ut
916 3971 974 4024 uid.
995 3974 1021 4038 1)
1040 3970 1097 4023 PE
1203 3969 1328 4023 dominus
1344 3971 1376 4022 ia

232 4074 315 4126 ortorp.
336 4064 399 4109 arole
416 4074 443 4110 u.
463 4074 497 4111 m.
518 4062 533 4110 1
551 4058 580 4111 H
683 4060 714 4112 16
735 4076 781 4111 eos
801 4060 847 4128 qui
865 4059 938 4112 inter
956 4059 993 4112 Ρι
1085 4060 1118 4113 18
1135 4058 1203 4113 haec
1222 4076 1274 4113 om.
1292 4059 1375 4112 HPA

234 4148 265 4198 19
285 4164 317 4199 ea
337 4148 366 4199 in
380 4146 440 4215 fine
457 4164 485 4201 u.
505 4164 556 4201 om.
575 4147 612 4200 P¹
663 4150 697 4201 20
716 4165 798 4218 supra
816 4150 905 4210 ΕΜΔ
924 4150 984 4202 edd.
1003 4166 1053 4203 aec.
1078 4149 1157 4218 Vulq.
1221 4150 1256 4201 22
1276 4152 1305 4203 et
1321 4164 1374 4201 non

231 4234 392 4287 cecidit-in
413 4235 520 4288 domum
540 4235 613 4289 illam
633 4252 684 4291 om.
707 4237 730 4289 0
814 4244 842 4290 et
860 4256 920 4302 om,
939 4256 973 4291 m.
993 4244 1009 4291 1
1030 4238 1095 4291 add.
1114 4238 1151 4290 M
1233 4238 1377 4292 fundnmta

231 4326 266 4389 (rh
286 4340 319 4375 m.
340 4328 354 4375 1
373 4324 435 4389 del.)
454 4322 490 4376 M
