3092 4959
517 344 781 412 epistularum
812 343 970 399 CLXXXIV
986 348 1016 397 A.
1276 352 1340 415 733

187 537 252 620 ipsi
279 538 363 601 male
392 537 532 602 uiuendo
561 537 750 603 addiderunt
778 538 818 603 ad
847 540 999 624 originale
1027 544 1207 623 peccatum,
1235 547 1343 625 potest

188 664 298 709 somm
331 644 445 710 merito
483 644 546 709 dici
582 644 614 709 in
646 646 703 709 illa
735 646 937 713 damnatione
968 648 1102 713 minima
1131 668 1241 732 poena,
1280 670 1340 716 non

186 757 293 817 tamen
317 753 415 817 nulla.
444 752 590 835 quisquis
620 757 725 818 autem
748 756 843 836 putat
870 754 1089 821 diuersitatem
1114 755 1254 821 futuram
1279 776 1339 822 non

187 880 260 925 esse
277 878 462 944 poenarum,
486 860 585 944 legat,
609 860 695 943 quod
720 862 875 945 scriptum
900 865 962 926 cst:
988 862 1245 929 Tolerabilius
1270 866 1342 929 erit

154 966 370 1033 ⁵Sodomae
399 968 436 1031 in
465 966 524 1031 dic
549 966 685 1032 iudicii
714 986 822 1050 quam
850 967 914 1032 illi
945 969 1111 1033 ciuitati.
1134 989 1196 1035 uon
1224 989 1340 1053 ergoa

187 1072 412 1155 deceptoribus
431 1074 664 1157 interregnum
683 1076 716 1138 et
734 1074 929 1158 supplicium
953 1074 1079 1139 medius
1097 1076 1188 1141 locus
1213 1095 1341 1159 quaera-

184 1183 240 1245 tur
265 1179 452 1253 infantibus,
481 1180 537 1244 sed
564 1183 727 1244 transeant
748 1198 768 1244 a
792 1180 917 1246 diabolo
946 1182 985 1246 ad
1010 1180 1183 1261 Christum,
1208 1182 1267 1247 hoc
1291 1187 1342 1248 est

186 1308 205 1351 a
223 1290 326 1351 morte
340 1287 380 1351 ad
398 1287 512 1365 ullam,
531 1289 634 1352 neira
658 1287 709 1352 dei
726 1292 854 1352 maneat
873 1307 969 1371 super
987 1308 1056 1363 coer
1077 1289 1117 1353 ab
1136 1289 1195 1355 hac
1220 1290 1337 1374 quippe

185 1394 234 1458 ira
265 1394 317 1459 dei
348 1412 411 1458 non
444 1394 559 1459 liberat
586 1394 648 1459 nisi
676 1394 778 1477 gratia
806 1393 866 1458 dci.
896 1395 973 1476 quid
1001 1396 1051 1460 est
1078 1399 1185 1460 autem
1214 1396 1261 1461 ira
1289 1397 1339 1461 dei

139 1516 166 1554 ¹⁰
186 1500 251 1566 nisi
284 1520 303 1565 a
331 1500 389 1566 deo
417 1500 503 1566 insto
532 1520 634 1584 poena
662 1500 770 1565 debita
797 1504 892 1584 alque
924 1501 1088 1566 uindicta?
1120 1521 1222 1585 nsque
1255 1504 1340 1567 enim

187 1609 268 1672 deus
301 1609 408 1691 aliqua
441 1608 655 1673 commotione
686 1608 845 1685 turbatur,
879 1609 964 1673 sicut
995 1609 1143 1673 irascitur
1174 1608 1340 1673 mutabilis

187 1716 328 1793 animus;
362 1715 418 1780 sed
447 1734 494 1793 ea,
523 1734 605 1798 quae
633 1715 751 1780 dicitur
778 1716 824 1779 ira
853 1715 914 1794 dei,
942 1716 1023 1779 nihil
1052 1719 1102 1781 est
1129 1716 1215 1780 aliud
1244 1734 1340 1798 quarn

185 1822 275 1887 iusta
291 1841 393 1905 poena
411 1822 545 1904 peccati,
571 1840 650 1903 quae
668 1842 729 1886 non
749 1822 866 1886 mirum
887 1823 972 1903 quod
989 1823 1104 1887 transit
1127 1824 1159 1886 in
1182 1826 1339 1905 posteros.

92 1924 113 1986 3
235 1929 500 2013 Concupiscentia
530 1929 648 2012 quippe
681 1929 825 2008 carnalis,
860 1948 923 2013 qua
950 1930 1148 1996 seminantur
1176 1935 1208 1994 et
1236 1930 1337 1995 couci·

139 2048 168 2089 1⁶
187 2036 330 2119 piantur,
362 2056 423 2101 non
457 2039 524 2100 erat
556 2040 629 2102 ante
660 2039 828 2118 peccatum
861 2056 920 2102 nec
951 2036 1068 2103 fuisset
1101 2038 1238 2113 omnino,
1276 2036 1339 2102 nisi

188 2143 327 2208 hominis
359 2143 625 2208 inoboedientiam
658 2162 760 2226 poena
795 2144 958 2225 reciproca
989 2144 1084 2209 etiam
1123 2162 1198 2208 suae
1236 2143 1338 2208 carnis

185 2248 423 2315 inoboedientia
440 2252 634 2332 sequeretur.
658 2268 720 2332 quo
744 2249 829 2315 malo
854 2250 1001 2331 quamuis
1024 2250 1105 2315 bene
1128 2252 1238 2314 utatur
1260 2270 1338 2331 nup·

187 2358 305 2422 tiamm
323 2356 454 2433 bonum,
477 2360 663 2421 nontamen
684 2356 751 2422 sine
770 2356 827 2421 illo
845 2354 915 2419 fieri
932 2359 1040 2439 potest
1059 2356 1155 2420 etiam
1174 2355 1338 2438 nuptialis,

186 2464 221 2527 id
257 2468 307 2529 est
340 2464 513 2529 liberorum
549 2463 814 2547 procreandorum
852 2481 949 2528 causa
979 2463 1089 2527 licitus
1121 2463 1340 2543 honestusque

139 2584 168 2624 ²⁰
188 2571 390 2645 concubilns3
410 2572 479 2637 sine
497 2571 555 2636 illo
574 2573 680 2635 autem
701 2570 768 2634 fieri
787 2573 909 2653 posset,
929 2570 957 2635 si
977 2569 1114 2634 humana
1131 2570 1164 2635 in
1184 2588 1220 2634 eo
1241 2572 1338 2647 statu,

184 2679 218 2742 in
248 2677 465 2760 quocondita
493 2680 552 2755 est,
581 2695 643 2741 non
671 2674 832 2759 peccando
862 2679 974 2741 natura
997 2676 1179 2741 mansisset.
1208 2678 1340 2759 possent

186 2785 270 2849 enirn
298 2784 441 2849 membra
468 2784 564 2849 otiam
590 2783 743 2869 genitalia
770 2784 856 2847 sicut
879 2787 984 2848 cetera
1007 2783 1047 2847 ad
1072 2802 1152 2865 opus
1175 2782 1339 2865 proprium

186 2999 258 3065 tari.
282 3017 355 3064 nam
382 2998 454 3082 quis
483 3000 578 3081 neget
600 2997 657 3060 illa
680 2995 731 3061 del
754 2995 867 3060 uerba:
898 2994 1070 3061 Crescite
1094 2999 1131 3060 ct
1153 2995 1337 3078 multipli-

139 3121 167 3161 u
188 3104 324 3170 camini
360 3124 422 3169 non
458 3103 716 3169 maledictionem
752 3105 957 3185 peccatorum
995 3102 1052 3167 scd
1084 3101 1337 3167 benedictionem

187 3212 288 3277 fuisse
309 3212 513 3295 nuptiarum?
541 3230 597 3292 per
618 3210 700 3274 hanc
723 3228 797 3293 crgo
823 3210 1114 3293 concupiscentiam
1139 3208 1214 3290 qnia
1236 3227 1338 3291 neque

188 3318 363 3384 seminatus
395 3336 498 3400 neque
531 3319 704 3400 conceptus
734 3319 784 3382 est
812 3316 970 3390 Christus,
999 3316 1150 3398 quoniam
1180 3332 1214 3379 se
1242 3314 1337 3398 longe

187 3426 280 3491 aliter
292 3426 406 3490 habuit
418 3425 552 3508 uirginis
567 3430 688 3506 partus,
702 3443 759 3505 per
773 3424 863 3499 hanc,
883 3422 1024 3505 inquam,
1046 3421 1337 3503 concupiscentiam

190 3533 341 3615 quicquid
358 3532 523 3597 bominum
538 3532 723 3609 seminatur,
739 3530 927 3612 concipitur,
947 3529 1099 3605 nascitur,
1119 3548 1157 3593 nc
1177 3526 1336 3609 puniatur,

277 3791 541 3861 ablactatura
563 3792 659 3855 11,24
713 3790 808 3844 710h.
828 3792 853 3853 5,
873 3790 921 3855 243
941 3790 966 3850 3,
985 3790 1019 3843 36
1075 3788 1111 3841 24
1130 3786 1197 3843 Gen.
1219 3788 1242 3851 1,
1263 3788 1296 3841 22

156 3938 160 3944 Ι
226 3970 241 4021 7
260 3927 443 4031 baneiacam.
463 3970 478 4019 1
496 3983 564 4022 corr.
583 3969 728 4020 transeant
747 3965 774 4019 G
870 3964 903 4019 10
922 3962 1065 4017 uindincta
1085 3965 1169 4031 (post.
1189 3980 1206 4015 n
1226 3962 1289 4028 dcl.)
1311 3963 1337 4017 G

192 4059 225 4112 13
243 4058 343 4111 mansit
361 4056 434 4125 quod
452 4056 539 4125 cipum
557 4072 626 4110 corr.
648 4054 674 4109 G
785 4054 817 4108 18
836 4054 883 4107 illo
903 4070 936 4107 ex
953 4069 1021 4117 raa,
1037 4053 1129 4121 fuisse
1150 4051 1209 4107 uid.
1233 4052 1288 4105 ullo
1311 4052 1336 4107 G

191 4148 225 4201 19
244 4145 471 4216 procurandorum
491 4144 550 4198 cdd.
642 4143 677 4198 20
696 4131 748 4197 aut
760 4144 810 4197 illo
829 4143 916 4211 ripale
934 4159 968 4195 m.
988 4146 1003 4194 1
1022 4140 1139 4195 corat}
1230 4140 1264 4201 26
1283 4156 1337 4209 qna

191 4237 262 4291 coni.
279 4235 370 4289 Mart.
424 4234 459 4287 28
477 4238 566 4304 patus,
586 4250 620 4287 m.
639 4238 654 4286 1
672 4248 742 4289 corr.
761 4236 856 4302 partus
878 4231 903 4285 G
958 4230 993 4285 29
1012 4234 1040 4283 et
1058 4230 1179 4285 nascitur
1196 4229 1286 4299 Mipn.
