3092 4959
250 365 293 429 32
606 362 631 417 S.
661 362 798 417 Aureli
826 362 1045 433 Augustini

206 553 226 617 3
294 556 417 621 Poterit
452 556 567 638 quippe
604 554 825 637 unusquisque
862 560 1005 621 nostrum
1043 557 1171 623 honoris
1209 560 1271 625 sibi
1312 562 1398 629 socio

251 664 398 746 copulato
422 662 566 728 uicissim
591 662 699 727 sedere
724 662 914 728 eminentius
944 664 1028 728 sieut
1055 667 1220 749 peregrino
1250 669 1398 752 episeopo

249 770 337 835 iuxta
361 770 542 835 considente
567 768 699 852 collega.
724 768 882 835 boccum
912 770 1040 835 alternis
1069 771 1211 837 basilicis
1239 776 1398 858 utrimque

251 876 444 955 conceditur,
472 878 604 957 uterque
635 875 674 939 ab
707 875 859 941 alterutro
892 878 1008 941 honore
1040 882 1153 943 mutuo
1186 882 1397 962 presumitur,

250 982 333 1065 qnia,
357 983 413 1047 ubi
435 982 597 1066 perceptio
621 982 764 1047 caritatis
788 982 971 1047 dilatauerit
993 984 1098 1063 corda,
1121 987 1283 1067 possessio
1311 988 1398 1070 pacis
1431 1010 1445 1048 s

249 1108 310 1153 non
334 1089 371 1153 iit
393 1090 539 1172 angusta,
559 1091 595 1151 ut
618 1106 679 1151 uno
699 1106 809 1152 eorum
832 1087 981 1153 defuncto
1006 1088 1154 1172 deinceps
1177 1090 1240 1155 iarn
1264 1093 1398 1177 siugulis

250 1195 369 1280 singuli
393 1195 525 1277 pristino
549 1214 635 1259 more
660 1194 841 1265 succedant.
865 1213 922 1259 nec
946 1214 1066 1259 nouum
1090 1196 1210 1279 aliquid
1233 1198 1301 1274 fiet;
1325 1220 1396 1264 nam

248 1304 309 1367 hoc
328 1301 366 1366 ab
385 1301 488 1385 ipsius
513 1300 720 1383 separationis
745 1300 870 1365 exordio
893 1301 926 1365 in
946 1301 1002 1380 eis,
1023 1302 1077 1385 qui
1097 1303 1244 1369 damnato
1263 1304 1397 1370 nefariae

166 1454 167 1457 ,
250 1408 447 1475 discissionis
483 1427 585 1473 errore
619 1408 748 1473 unitatis
787 1407 987 1473 dnlcedinem
1019 1410 1072 1473 uel
1109 1428 1178 1475 sero
1216 1416 1396 1495 sapuerunt,

250 1515 405 1580 catholica
437 1514 566 1579 dilectio
601 1514 785 1579 custodiuit.
822 1518 879 1578 aut
910 1514 938 1579 si
971 1516 1051 1579 forte
1085 1514 1257 1581 Christiani
1288 1517 1398 1601 populi
1419 1542 1446 1579 ro

250 1622 384 1705 singulis
408 1620 605 1686 delectantur
628 1621 785 1704 episcopis
809 1624 842 1686 et
865 1620 998 1685 duorum
1024 1623 1216 1687 consortium
1245 1623 1398 1688 inusitata

161 1808 169 1825 ι
208 1766 219 1779 ·=
249 1748 353 1793 rerum
378 1728 458 1793 facie
482 1728 616 1792 tolerare
635 1748 696 1793 non
719 1731 865 1810 possunt,
884 1728 1010 1810 utrique
1032 1728 1070 1792 de
1090 1728 1192 1795 medio
1211 1730 1396 1795 secedamus

250 1840 281 1899 et
310 1834 453 1901 ecclesiis
481 1835 512 1898 in
542 1834 677 1918 singulis
706 1834 854 1899 damnata
881 1834 1066 1899 schismatis
1094 1854 1190 1900 causa
1215 1837 1248 1900 iu
1276 1837 1396 1902 unitate

249 1940 381 2024 pacifica
414 1941 598 2006 constitutis
627 1941 665 2005 ab
694 1941 754 2020 his,
785 1941 839 2023 qui
872 1941 991 2024 singuli
1023 1942 1054 2005 in
1087 1942 1229 2007 eeclesiis
1263 1942 1395 2027 singulis

248 2048 457 2126 inundentur,
482 2048 598 2112 unitati
621 2048 723 2112 iactae
751 2066 808 2129 per
833 2048 905 2111 loca
930 2048 1107 2111 necessaria
1136 2048 1255 2132 singuli
1283 2049 1396 2115 consti·
1417 2078 1444 2116 rs

249 2157 380 2219 tuantur
416 2154 567 2236 episcopi.
606 2152 681 2234 quid
719 2153 801 2217 enim
840 2154 1022 2219 dubitemus
1058 2155 1250 2239 redemptori
1289 2158 1395 2220 nostro

251 2260 442 2325 sacrificium
466 2261 561 2324 istius
584 2259 777 2325 humilitatis
802 2260 933 2325 offena?
957 2280 995 2324 arr
1020 2280 1096 2326 uero
1116 2262 1170 2325 ille
1189 2261 1228 2326 de
1252 2262 1347 2327 caelis
1365 2262 1395 2325 in

250 2368 390 2430 membra
413 2366 552 2431 humana
574 2366 748 2445 descendit,
772 2370 810 2432 nt
831 2368 973 2452 membra
996 2368 1066 2433 eius
1090 2386 1246 2446 essemus,
1270 2372 1303 2434 et
1328 2388 1395 2446 nos,

250 2492 288 2537 ne
310 2474 382 2556 ipsa
405 2474 474 2538 eius
498 2473 639 2537 membra
662 2474 782 2538 crudeli
807 2474 963 2539 diuisione
986 2475 1154 2553 lanientur,
1178 2475 1216 2541 de
1240 2475 1396 2541 cathedris

251 2580 439 2645 descendere
462 2580 690 2645 formidamus?
722 2585 851 2664 propter·
873 2600 930 2645 nos
954 2581 1033 2645 nihil
1062 2582 1274 2647 sufficientius
1302 2600 1395 2665 quam
1415 2610 1445 2654 ιο

251 2684 420 2750 Christiani
452 2686 561 2751 fideles
595 2689 625 2751 ei
659 2686 862 2751 oboedientes
898 2705 1024 2764 sumus3
1063 2688 1123 2752 hoc
1160 2706 1233 2771 ergo
1273 2706 1397 2770 semper

250 2791 361 2857 simus.
384 2792 524 2874 episcopi
545 2797 651 2857 autem
669 2796 799 2875 propter
822 2792 1017 2858 Christianos
1041 2793 1177 2875 populos
1201 2793 1395 2870 ordinamur;

250 2899 334 2981 quod
358 2917 432 2983 ergo
458 2898 646 2965 Christianis
669 2900 798 2983 populis
823 2899 861 2963 ad
887 2897 1099 2965 Christianam
1122 2919 1233 2983 pacem
1256 2900 1395 2983 prodest,

249 3006 308 3070 hoc
333 3005 371 3070 de
394 3009 501 3071 nostro
526 3005 710 3090 episcopatu
730 3006 896 3070 faciamus.
917 3007 943 3069 si
969 3008 1054 3070 serni
1077 3007 1174 3071 utiles
1198 3026 1322 3085 sumus,
1341 3024 1397 3071 our

249 3112 368 3176 domini
392 3114 526 3178 aeternis
549 3114 646 3178 lucris
670 3132 725 3195 pro
751 3113 868 3178 nostris
893 3114 1121 3195 temporalibus
1140 3114 1392 3178 sublimitatibus
1416 3144 1444 3188 η

249 3217 452 3283 inuidemus?
490 3219 678 3302 episcopalis
718 3219 855 3303 dignitas
896 3218 1090 3285 fructuosior
1130 3220 1222 3284 nobis
1261 3221 1330 3297 erit,
1367 3219 1395 3283 si

250 3344 376 3409 gregem
398 3324 515 3390 Christi
539 3327 640 3410 magis
666 3326 809 3408 deposita
834 3326 997 3409 collegerit
1020 3344 1114 3407 quam
1138 3329 1259 3391 retenta
1278 3326 1395 3408 disper·

284 3569 300 3620 3
321 3566 477 3621 considente
498 3568 603 3638 collega
620 3567 646 3621 G
717 3572 839 3636 utrumq;
857 3567 883 3621 0
919 3569 1069 3636 interque
1089 3566 1122 3620 ab
1142 3568 1275 3621 alterutro
1294 3567 1395 3620 honore

248 3662 341 3710 mutuo
365 3657 550 3725 praecanitur]
575 3658 691 3725 utroque
716 3656 830 3710 alterum
855 3672 915 3709 cum
937 3656 1039 3709 honore
1057 3661 1152 3710 mutuo
1172 3653 1394 3726 preuenienteG

249 3745 439 3814 5praeceptio
461 3745 485 3798 G
504 3762 531 3798 nr
586 3744 834 3799 isucoendantP
888 3744 967 3813 Bab]
988 3744 1067 3799 erG
1125 3744 1243 3799 Cdiscis
1262 3744 1394 3798 censionis

248 3843 305 3892 (sen
329 3852 362 3887 m.
387 3840 418 3887 ert
440 3834 498 3888 ¹uid.
523 3838 538 3887 1
561 3836 631 3903 esp.)
654 3834 682 3887 P
703 3833 880 3889 dissensionis
906 3832 932 3887 G
1024 3835 1056 3887 10
1079 3834 1171 3903 populi
1201 3832 1343 3887 christiani
1368 3832 1394 3886 G

250 3924 281 3976 12
302 3922 471 3976 discedamus
493 3922 518 3976 G
575 3923 607 3977 13
628 3922 749 3977 ecclesiis
769 3923 885 3991 singulis
906 3922 932 3976 G
988 3924 1021 3975 14
1042 3922 1087 3991 qui
1105 3922 1207 3991 singuli
1225 3922 1255 3974 in
1274 3922 1394 3975 ecelesiis

249 4010 362 4081 singulis
381 4010 564 4081 inuenientur]
585 4011 700 4079 singulis
720 4012 747 4064 in
768 4010 889 4082 ecelesiis
908 4010 1021 4079 singulis
1037 4010 1199 4073 annuentib;
1218 4010 1245 4064 G
1282 4010 1315 4064 15
1333 4009 1393 4062 nui·

248 4105 305 4153 tare
325 4100 398 4153 iacta
425 4116 452 4153 m
550 4100 723 4169 locellonga
750 4100 778 4153 P
872 4101 904 4152 18
933 4100 1076 4153 deseendit
1101 4098 1278 4153 bumanaG
1362 4100 1394 4151 ut

248 4205 307 4251 ona,
328 4205 348 4241 s.
368 4206 396 4241 rr.
414 4206 448 4241 m.
469 4192 484 4241 1
503 4188 569 4244 add.
588 4188 616 4241 P
689 4190 723 4241 22
743 4189 882 4243 sunrusG
963 4189 999 4240 24
1023 4205 1091 4258 quur
1109 4188 1136 4241 P
1216 4188 1249 4241 27
1269 4186 1393 4257 deposita

248 4278 335 4347 magis
356 4276 382 4330 G
