3092 4959
251 309 318 373 694
613 305 639 357 S.
664 304 803 357 Aureli
833 302 1057 380 Augustini

250 503 332 584 ipse,
364 502 461 566 immo
494 501 597 584 magis
630 520 664 567 se
696 501 804 584 ipsum
837 504 869 565 et
896 519 957 565 uon
991 519 1049 565 nos
1077 500 1180 565 sallat.
1219 518 1291 563 oum
1323 498 1400 563 enirn

253 607 373 673 auditis
402 628 475 673 eum
504 607 648 673 confiteri
677 608 811 692 gratiam
842 607 892 670 dei
922 610 953 671 et
982 606 1176 671 adiutorium
1201 606 1263 679 dei,
1288 604 1404 687 putatis

253 716 314 780 hoo
344 734 418 779 eum
447 715 560 793 didere,
594 714 679 797 quod
707 717 739 779 et
768 732 838 791 uos,
873 715 928 798 qui
957 713 1115 779 catholiea
1143 712 1257 797 regula
1284 712 1404 799 sapitis.

253 821 415 903 qnoniam,
444 821 520 904 quid
548 822 580 885 in
603 822 684 886 libro
714 840 772 886 suo
797 820 971 904 scripserit,
1000 820 1167 903 ignoratis.
1197 822 1328 901 propter
1350 820 1406 884 hoe

252 927 361 1012 ipsum
380 928 500 993 librum
519 928 594 993 misi
618 932 651 993 et
669 948 787 1005 meum,
813 946 875 1009 quo
896 928 925 992 ei
944 927 1107 1009 respondi3
1133 927 1216 991 unde
1239 926 1407 1009 perspiciat
1436 946 1447 983 s

254 1035 479 1101 honorabilitas
504 1041 622 1114 uestra,
652 1054 747 1118 quam
777 1035 912 1119 gratiam
940 1034 993 1099 uel
1017 1034 1213 1099 adiutorium
1238 1033 1290 1097 dei
1314 1032 1406 1099 dieat.

254 1143 380 1223 quaudo
399 1142 449 1207 illi
468 1142 617 1219 obicitur,
641 1141 726 1224 quod
747 1143 866 1225 gratiae
887 1142 938 1206 dei
962 1142 995 1207 et
1017 1141 1177 1205 adiutorio
1202 1140 1406 1205 contradicat

255 1247 386 1330 proinde
415 1248 546 1313 ostende
575 1248 622 1311 illi
651 1249 791 1313 docendo
821 1252 852 1313 et
880 1248 1035 1313 hortando
1061 1252 1094 1313 et
1116 1267 1173 1330 pro
1198 1247 1270 1311 eius
1293 1245 1407 1312 salute.

256 1374 338 1437 qnae
374 1355 405 1419 in
439 1354 566 1420 Christo
600 1374 670 1445 esse
703 1354 809 1433 debet,
848 1354 975 1429 orando,
1014 1356 1052 1417 ut
1084 1372 1155 1419 enm
1188 1354 1240 1417 dei
1274 1353 1407 1436 gratiam

256 1461 455 1540 confiteatur,
479 1481 575 1545 quam
592 1462 768 1545 probantur
793 1462 894 1527 sancti
919 1462 970 1527 dei
993 1462 1095 1527 fuisse
1120 1460 1270 1539 confessi,
1295 1479 1367 1524 oum
1390 1478 1450 1522 nn

257 1568 385 1633 domino
410 1588 446 1633 ea
473 1570 545 1651 ipsi·
560 1573 713 1651 peterent,
743 1588 824 1651 quae
848 1570 914 1635 illis
937 1569 1070 1633 iubebat
1094 1572 1131 1633 ut
1153 1568 1306 1645 fenerent,
1335 1586 1409 1648 quo·

257 1674 341 1738 niam
370 1694 472 1757 neque
499 1675 693 1753 iuberentur,
722 1675 784 1741 nisi
812 1680 850 1739 ut
872 1678 982 1741 nostra
1004 1674 1154 1739 uoluntas
1179 1672 1410 1749 ostenderetur,

257 1800 358 1863 neque
391 1785 583 1863 poterentur,
617 1782 679 1845 uisi
712 1785 749 1846 ut
780 1781 957 1846 uoluntatis
986 1780 1155 1845 infirmitas
1184 1779 1223 1843 ab
1255 1778 1322 1854 illo,
1356 1778 1411 1861 qui

258 1888 406 1965 iusserat,
430 1888 604 1953 innarotur.

215 2004 235 2065 6
303 1995 420 2078 Aperte
457 1997 677 2080 interrogetur,
719 1999 827 2059 utrum
866 1996 894 2062 ei
931 1996 1056 2077 placeat
1092 1994 1246 2059 orandum
1285 2012 1356 2057 esse
1393 2010 1451 2055 ars

261 2102 399 2177 domino,
423 2122 461 2167 ue
479 2121 661 2184 peeoomus.
687 2103 768 2184 qnod
791 2103 819 2167 si
838 2104 867 2168 ei
891 2102 1049 2185 displicet,
1073 2102 1201 2186 legatur
1223 2102 1255 2165 in
1282 2099 1410 2165 auribus

259 2208 329 2272 eius
349 2209 514 2289 apostolus
534 2209 656 2274 dicens:
682 2208 851 2275 Oramus
872 2214 1005 2273 autern
1030 2206 1221 2285 addeum,
1246 2226 1293 2271 ne
1317 2206 1410 2287 quid

259 2314 432 2379 faciatis
461 2314 568 2390 moth
599 2315 627 2379 si
655 2320 763 2380 autern
792 2318 907 2397 planet,
941 2320 1047 2398 aperte
1076 2314 1239 2397 praedicet
1267 2314 1411 2397 gratiam.

260 2440 325 2502 qua
351 2421 511 2499 iuuamur,
539 2442 578 2486 no
606 2423 675 2503 ipso
702 2422 800 2485 faeiat
827 2424 965 2487 multum
995 2422 1080 2486 mali.
1110 2422 1169 2485 hae
1197 2422 1285 2485 eninr
1314 2420 1414 2503 grstia

260 2528 312 2591 dei
336 2548 391 2611 per
417 2528 525 2594 Iesum
550 2528 714 2594 Christum
739 2530 901 2595 dominum
927 2532 1070 2595 nostrum
1095 2548 1204 2593 ornnes
1228 2528 1454 2601 liberamento

262 2635 456 2717 quicumque
480 2635 665 2712 liberantur,
689 2636 839 2719 quoniam
863 2656 954 2701 nemo
983 2639 1107 2719 praeter
1135 2634 1239 2717 ipsam
1270 2634 1415 2717 quolibet

262 2742 325 2805 alio
354 2743 448 2807 modo
476 2734 602 2806 liberari
631 2747 748 2826 potest.
771 2746 900 2825 prbpter
929 2743 990 2807 hoe
1019 2743 1171 2824 seriptum
1202 2747 1268 2805 est:
1300 2740 1414 2807 Siout

261 2849 300 2912 in
325 2849 446 2913 Adam
467 2869 602 2915 omnes
623 2850 860 2929 moriuntur,
882 2851 941 2914 sio
961 2854 999 2913 et
1023 2850 1059 2912 in
1085 2847 1252 2913 Christo
1278 2867 1415 2913 omnes
1529 2846 1530 2927 i

263 2956 611 3034 uiuifioabnntur,
649 2976 709 3023 non
747 2958 823 3038 quia
861 2976 952 3021 nemo
991 2956 1203 3021 damnabitur.
1247 2955 1305 3019 sed
1344 2954 1416 3037 quir

264 3082 356 3125 nomo
386 3062 478 3127 aliter
505 3063 702 3140 liberabitur,
732 3064 816 3145 quia,
846 3065 931 3129 siout
959 3062 1039 3126 nulli
1068 3062 1128 3125 nisi
1152 3080 1208 3144 per
1231 3060 1335 3125 Adam
1362 3060 1417 3123 11111
1434 3080 1457 3119 rs

265 3169 414 3246 hominis,
447 3171 493 3233 ita
520 3170 601 3234 nulli
629 3170 690 3236 nisi
719 3189 775 3253 per
803 3170 965 3236 Christum
995 3168 1052 3233 tilii
1080 3168 1139 3232 dei.
1168 3186 1281 3233 omnes
1310 3168 1417 3249 itaque
1529 3190 1530 3285 p

264 3276 323 3340 filii
341 3276 480 3341 hominis
500 3277 625 3341 nonnisi
644 3295 700 3359 per
717 3277 821 3342 Adam
841 3280 874 3341 et
892 3296 1000 3343 omues
1020 3295 1057 3341 ex
1076 3276 1122 3339 eis
1142 3274 1201 3339 tilii
1221 3274 1273 3339 dei
1294 3272 1418 3339 nonnisi
1529 3300 1530 3365 ρ

264 3402 320 3464 per·
339 3381 502 3448 Christum
520 3384 586 3448 fieri
606 3387 750 3465 possunt.
770 3386 877 3465 aperto
900 3384 1008 3466 itaque
1034 3383 1130 3448 etiam
1154 3383 1227 3447 hine
1252 3382 1418 3463 exprimat,

265 3491 343 3572 quid
372 3491 499 3568 sentiat,
527 3495 637 3555 utrum
663 3491 790 3574 plaeeat
817 3490 844 3553 ei
874 3491 969 3555 otiam
997 3490 1160 3573 paruulos,
1193 3488 1248 3571 qui
1278 3486 1417 3551 nondum
1529 3504 1530 3575 p

264 3596 422 3661 iustitiam
436 3602 573 3679 possunt
587 3597 671 3661 uelle
687 3598 740 3661 uel
754 3598 850 3671 nolle,
869 3600 973 3661 tamen
991 3598 1117 3679 propter
1131 3614 1230 3660 unum
1246 3594 1418 3669 hominem,
1435 3616 1458 3653 a·

266 3725 322 3787 per
359 3726 453 3787 quern
496 3709 709 3787 peceatum
750 3704 929 3769 intrauit
972 3704 1008 3767 in
1047 3702 1233 3766 mnndum
1274 3710 1314 3765 et
1353 3720 1418 3784 per
1529 3716 1530 3781 j

358 3915 390 3966 17
410 3912 437 3966 11
457 3913 516 3969 Cor.
541 3913 580 3976 13,
600 3914 615 3965 7
671 3914 705 3965 ‘22
724 3913 738 3966 I
757 3911 818 3966 Cor.
840 3914 881 3979 15,
901 3913 934 3965 22
990 3912 1021 3965 31
1043 3911 1120 3964 Rom.
1139 3914 1165 3978 5,
1186 3912 1219 3964 12

306 4045 334 4095 11
357 4038 464 4094 eamU
536 4038 763 4107 quae—incorent
782 4054 832 4090 om.
856 4036 882 4090 U
952 4035 1065 4089 uidebat
1092 4036 1116 4087 l'
1202 4036 1233 4088 19
1253 4038 1285 4089 nt
1312 4034 1419 4099 l'Urut

266 4148 347 4186 eraso
365 4146 453 4198 mrpra
470 4146 526 4183 ras.
548 4129 614 4181 add.
633 4132 677 4194 ne)
697 4128 731 4180 lr
803 4130 837 4179 '24
857 4124 1107 4179 non—liberabitur
1125 4140 1177 4178 ont.
1206 4124 1259 4178 t’o'
1276 4128 1321 4192 (ire
1337 4142 1419 4192 uturp.

267 4223 345 4275 add·
366 4221 421 4273 lsr
475 4217 757 4286 eoliliidei]filin1n
778 4216 821 4269 dei
847 4216 873 4267 l'
