3092 4959
256 340 318 402 162
614 338 640 391 S.
670 338 807 392 Aureli
835 337 1053 407 Augustini

253 531 307 596 ilie
339 532 435 609 filius,
470 533 534 614 qui,
569 552 640 597 cum
674 538 760 597 esset
791 533 878 596 filius
912 533 972 611 dei,
1001 535 1100 612 uenit,
1132 539 1170 598 ut
1196 534 1286 598 fieret
1317 533 1399 598 tilius

253 639 390 703 hominis
415 639 607 721 donaretque
632 639 733 718 nobie,
758 639 813 722 qui
837 659 963 704 eramus
985 639 1044 704 tilii
1065 641 1215 718 hominia,
1239 640 1324 704 filios
1353 640 1401 704 dei

253 746 331 810 fieri.
359 745 462 810 iactus
492 749 541 810 est
569 747 685 829 quippe
713 747 780 824 illc,
804 746 889 829 qued
911 766 972 811 nou
997 751 1074 825 erat,
1103 748 1159 812 sed
1186 750 1292 811 tamen
1317 748 1400 811 aliud

254 853 374 935 aliquid
398 856 464 917 eret
487 857 519 916 et
541 853 602 918 huc
625 854 731 937 ipsum
755 853 876 936 aliquid
900 855 1033 918 uerbum
1058 855 1107 918 dei
1135 857 1211 930 erat,
1236 873 1293 936 per
1319 853 1401 936 qued

253 963 337 1026 sacta
364 963 440 1026 suut
467 961 581 1037 omnia,
611 963 643 1024 et
671 960 779 1024 lumen
810 980 933 1038 uerum,
964 961 1049 1042 quod
1079 961 1248 1025 inluminat
1278 981 1434 1025 emnemc

255 1069 426 1148 homiuem,
451 1071 483 1132 et
507 1067 585 1131 deus
610 1067 693 1150 apud
721 1067 825 1131 deum.
853 1086 910 1131 uos
939 1087 1064 1150 queque
1092 1088 1148 1151 per
1175 1069 1244 1132 eius
1269 1069 1400 1150 gratiam

255 1176 332 1240 fecti
360 1191 482 1250 sumus,
512 1173 596 1256 quod
623 1193 684 1238 uon
713 1192 849 1251 eramus,
877 1173 911 1236 id
939 1177 989 1238 est
1020 1173 1078 1236 filii
1111 1173 1175 1250 dei;
1210 1175 1266 1238 sed
1299 1179 1401 1238 tamen

256 1281 376 1364 aliquid
400 1299 524 1345 eramus
550 1282 581 1344 et
604 1281 663 1344 hec
687 1280 794 1362 ipsum
823 1280 942 1362 aliquid
971 1282 1073 1344 multe
1100 1281 1242 1358 iuferius,
1266 1281 1328 1345 hec
1356 1288 1402 1344 est

258 1389 313 1452 filii
341 1388 515 1452 homiuum.
544 1386 708 1451 descendit
735 1405 809 1470 ergo
839 1386 902 1462 iile,
930 1391 967 1450 ut
999 1407 1055 1452 uos
1089 1387 1342 1464 ascenderemus,
1373 1391 1403 1449 et

256 1514 385 1560 maneus
407 1494 439 1558 in
464 1513 522 1558 sua
545 1498 656 1557 natura
677 1493 783 1557 fectus
807 1498 857 1557 est
878 1493 1037 1577 particeps
1060 1496 1190 1557 naturae
1213 1497 1351 1571 uestrae,
1368 1496 1403 1556 ut
1419 1513 1441 1553 rc

257 1606 290 1666 et
307 1620 363 1665 uos
382 1602 544 1664 manentes
563 1599 594 1664 in
613 1601 726 1663 natura
743 1602 851 1663 nostra
868 1598 1064 1664 efficeremur
1088 1600 1258 1682 participes
1277 1603 1403 1664 naturae

255 1709 369 1790 ipsius,
393 1726 454 1771 uon
479 1710 585 1770 tamen
609 1707 669 1782 sic;
693 1725 765 1770 nam
789 1706 881 1770 illum
904 1709 1034 1772 naturae
1057 1711 1182 1772 uestrae
1206 1708 1402 1791 participatio

257 1835 318 1881 uun
342 1814 418 1879 fecit
437 1813 633 1890 deteriorem,
653 1832 710 1876 uos
730 1816 838 1877 eutem
857 1813 935 1878 facit
952 1817 1081 1878 naturae
1099 1814 1186 1877 illius
1205 1814 1403 1894 participatio

257 1921 416 1986 meliores.
1147 1938 1150 1942 ⁴

194 2028 231 2091 11
303 2026 412 2092 Misit
439 2027 546 2108 itaque
575 2025 666 2090 deus
694 2025 821 2089 filium
849 2045 957 2090 suum
990 2026 1131 2089 iactum
1165 2045 1205 2090 ex
1237 2027 1441 2102 mulieres

259 2134 402 2199 iactum
431 2134 497 2197 sub
527 2133 619 2215 lege.
648 2152 720 2196 uem
748 2132 829 2215 legis
858 2136 1055 2196 sacramenta
1080 2133 1232 2215 percepit,
1261 2136 1303 2197 ut
1335 2152 1403 2206 eus,

260 2243 322 2324 qui
343 2241 514 2324 sublege
534 2243 649 2318 eraut,
668 2239 882 2317 redimeret,
901 2241 934 2302 id
955 2243 1005 2304 est
1024 2259 1103 2322 quos
1122 2241 1172 2303 ler
1190 2260 1260 2304 rece
1279 2241 1405 2304 tenebat

261 2349 423 2413 occidente
450 2349 568 2422 littera,
597 2347 671 2410 dum
701 2350 903 2427 praeceptum
932 2366 992 2411 uon
1020 2347 1215 2428 impleretur,
1240 2351 1404 2429 autequam

260 2456 439 2520 uiuificaret
462 2455 603 2537 spiritus.
624 2455 698 2536 quia
717 2455 856 2518 caritas
877 2453 944 2528 dei,
966 2473 1045 2534 quae
1063 2458 1268 2535 praeceptum
1287 2454 1405 2534 implet,

262 2561 496 2626 diffunditur
520 2561 552 2623 iu
580 2561 758 2625 cordibus
784 2561 925 2623 uostris
945 2579 1010 2641 per
1029 2559 1206 2641 spiritum
1227 2564 1445 2634 sanctunce

263 2669 326 2751 qui
355 2668 464 2732 dutus
494 2674 552 2732 est
579 2668 696 2732 uobis.
725 2667 855 2748 proinde
884 2687 956 2731 cum
985 2667 1130 2742 dixisset:
1165 2667 1214 2732 Ut
1246 2685 1320 2739 ecs,
1348 2667 1406 2748 qui

263 2775 437 2858 sublege
469 2779 580 2840 eraut.
605 2775 817 2850 redimeret,
842 2775 991 2839 contiuuo
1022 2775 1198 2838 subiunxit:
1227 2773 1277 2839 Ut
1305 2774 1407 2854 adop·

262 2882 402 2945 tionem
426 2882 596 2946 filiorum
622 2882 889 2963 reciperemus,
914 2887 951 2945 ut
978 2881 1130 2945 uidelicet
1157 2882 1253 2944 huius
1278 2881 1406 2965 gratiam

263 2987 406 3052 beneficii
430 2989 620 3053 discerneret
643 2989 680 3052 ab
709 2988 766 3053 illa
793 2988 850 3051 iiiii
878 2993 999 3067 natura,
1024 2989 1078 3068 qui
1106 2989 1225 3051 missus
1255 2994 1304 3052 est
1327 2987 1407 3050 fliius

264 3115 324 3160 non
347 3095 515 3177 adoptione
538 3095 642 3158 factus
666 3095 721 3158 sed
746 3115 871 3176 semper
893 3095 1020 3178 genitus
1043 3093 1140 3171 filius
1164 3099 1202 3158 ut
1223 3095 1409 3175 participata
1423 3109 1448 3149 ¹⁶
1534 3090 1535 3155 j

264 3207 374 3265 natura
393 3201 529 3264 fitiorum
546 3201 711 3264 homiuum
731 3202 769 3264 ad
788 3202 1037 3284 participandam
1052 3202 1147 3265 etiam
1163 3221 1253 3266 suam
1268 3205 1407 3264 naturam

359 3464 401 3521 Ιῦς
422 3460 454 3513 21
477 3459 535 3513 Gal.
554 3461 580 3524 4,
599 3461 668 3512 4-5
727 3460 758 3513 18
779 3460 806 3512 li
825 3461 885 3515 Cer.
906 3461 930 3527 3,
951 3461 966 3513 6
1023 3461 1055 3512 19
1075 3462 1151 3512 Rcrrr.
1172 3464 1196 3514 5.
1217 3463 1232 3513 ὅ

301 3636 317 3687 2
333 3636 380 3689 iiiii
395 3635 533 3688 homiuum
548 3635 624 3698 cdd.‚·
638 3637 670 3702 cf
685 3653 711 3688 u.
727 3638 756 3700 9;
767 3639 823 3700 26‚·
833 3654 862 3703 p.
873 3639 963 3700 163,1
1000 3636 1016 3687 3
1031 3637 1130 3703 quippe
1146 3641 1187 3687 cst
1201 3636 1257 3688 GT
1310 3633 1409 3703 aliquid

266 3725 340 3778 aliud
362 3725 413 3776 OT
430 3724 490 3778 edd.
569 3725 585 3775 6
603 3723 737 3776 homiuem
759 3725 913 3776 uenientem
932 3725 959 3776 iu
980 3724 1050 3776 huuc
1069 3723 1197 3776 mundum
1219 3727 1247 3776 et
1266 3723 1334 3778 deus
1353 3722 1409 3777 edd.

266 3815 280 3866 7
301 3831 353 3866 neu
374 3813 445 3882 quud
468 3813 491 3866 0
598 3813 615 3865 8
635 3813 720 3865 multo
739 3813 852 3865 inferius
872 3812 976 3881 aliquid
994 3814 1043 3865 ced
1058 3813 1172 3880 prunctr'e
1190 3829 1260 3865 corr.
1283 3812 1310 3866 G
1327 3813 1409 3865 multo

267 3901 370 3970 aliquid
389 3902 547 3955 inscriusT
613 3901 736 3955 eurio
803 3903 835 3955 10
852 3909 951 3955 natura
971 3919 1019 3954 sua
1039 3903 1097 3954 edd.
1172 3903 1308 3970 particeps
1327 3901 1410 3954 iactus

267 3992 353 4046 estO
425 3993 559 4061 princeps,
577 3993 610 4044 tre
627 4008 714 4060 marp.
733 4007 766 4044 m.
787 3996 803 4044 1
821 4007 890 4045 corr.
909 3992 1046 4060 particeps
1070 3992 1095 4043 Τ
1184 3992 1214 4043 11
1237 3995 1265 4043 et
1284 4007 1336 4044 om.
1356 3987 1410 4042 cdd.

301 4080 486 4149 particepsG
539 4083 571 4133 13
591 4081 669 4148 fecit]
691 4081 756 4134 iecit
777 4080 833 4133 Gr
887 4083 918 4133 15
939 4081 1031 4148 itaque
1050 4096 1102 4133 om.
1124 4079 1181 4133 GT
1249 4075 1413 4132 muliere-T

267 4171 300 4222 25
320 4185 372 4221 non
393 4187 439 4238 per
458 4170 632 4238 artoptienem
651 4169 710 4222 edd.
772 4170 936 4238 participata
955 4173 996 4232 (ta
1014 4169 1046 4222 in
1063 4185 1118 4225 rar.
1137 4185 1172 4221 m.
1192 4169 1223 4238 2)
1245 4169 1272 4221 Τ
1314 4170 1411 4222 26110·

268 4265 355 4310 turam
375 4259 499 4310 suaruT
