3092 4959
245 360 313 423 698
603 356 630 408 S.
658 355 796 409 Aureli
824 356 1041 425 Augustini

247 552 362 615 uberes
400 550 518 634 gratias
555 550 744 634 benignitati
783 569 857 633 erga
894 570 951 615 nos
988 554 1072 615 tuae.
1111 550 1229 633 quibus
1268 556 1302 616 ut
1340 570 1402 615 non

244 658 396 722 continuo
414 656 648 739 responderem,
671 658 702 720 in
722 658 787 720 alia
806 660 900 738 atque
921 657 982 720 alia
1002 655 1199 722 diuersarum
1220 655 1404 741 occupatio-

246 784 322 829 num
354 766 545 846 tempestate
578 763 720 847 direptus
754 782 836 827 sum.
869 763 952 828 unde
985 782 1067 827 nunc
1102 762 1222 827 stillam
1256 764 1403 829 uocantis

246 872 399 952 temporis
432 877 545 935 nactus
582 870 771 953 respondere
810 870 931 951 aliquid
963 870 1072 947 malui,
1111 888 1206 952 quam
1239 870 1278 935 ad
1311 875 1402 935 tuam

246 977 493 1041 sincerissimam
523 977 685 1041 caritatem
715 976 902 1041 diuturnum
931 976 1045 1039 babere
1070 976 1235 1041 silentium
1268 984 1300 1039 et
1334 977 1403 1040 fieri
1433 1002 1444 1043 s

245 1084 463 1148 taciturnitate
488 1102 582 1165 quam
606 1083 801 1165 loquacitate
826 1082 1044 1164 importunior.

197 1181 221 1242 2
292 1191 338 1253 De
363 1190 484 1273 origine
504 1190 680 1253 animamm
701 1190 778 1272 quid
798 1194 926 1255 sanctus
946 1190 1161 1272 Hieronymus
1185 1188 1312 1262 sentim,
1339 1186 1405 1251 iam

246 1296 385 1361 sciebam
419 1300 452 1359 et
483 1297 561 1360 baec
594 1298 674 1378 ipsa,
705 1316 787 1379 quae
820 1316 856 1361 er
888 1296 969 1361 libro
1003 1297 1073 1361 eius
1105 1296 1138 1360 in
1171 1294 1312 1377 epistula
1346 1298 1405 1358 tua

245 1404 395 1488 posuisti,
433 1404 531 1467 uerba
563 1404 626 1467 iam
659 1406 809 1487 legeram.
846 1423 957 1469 uerum
990 1422 1051 1468 non
1084 1404 1144 1467 hoc
1177 1405 1403 1485 quaestionem

245 1512 415 1575 molestam
442 1511 529 1589 iacit,
558 1510 643 1594 quod
670 1516 781 1576 mouet
804 1512 969 1592 quosdam,
998 1530 1060 1594 quo
1090 1510 1183 1575 modo
1209 1510 1286 1573 deus
1310 1510 1446 1573 adul-10

244 1618 356 1682 teriois
384 1619 481 1682 etiam
510 1618 718 1701 conceptibus
747 1619 833 1683 iuste
867 1620 988 1682 animae
1015 1617 1179 1701 largiatur,
1214 1636 1285 1680 eum
1319 1617 1403 1680 bene

246 1725 432 1789 uiuentibus
461 1730 493 1789 ot
520 1726 561 1789 ad
589 1725 682 1789 deum
710 1724 773 1790 fide
802 1742 838 1789 ac
867 1726 984 1809 pietate
1014 1723 1178 1788 conuersis
1207 1743 1244 1787 ne
1273 1724 1403 1807 propria

242 1830 373 1915 quidem
406 1836 523 1913 quanto
553 1832 659 1896 minus
686 1834 852 1914 parentum
882 1832 1008 1914 possint
1035 1831 1148 1895 obesae
1172 1836 1312 1913 peccata.
1344 1830 1402 1895 sed

244 1937 358 2000 meritc
379 1938 551 2019 quaeritur,
572 1938 601 2002 si
618 1956 730 2002 uerum
749 1942 801 2001 est
817 1956 919 2002 ‘nouas
938 1955 975 2001 ex
993 1932 1091 2001 nihilo
1112 1936 1235 2000 animas
1254 1936 1402 2019 singulas

243 2044 381 2127 singulis
401 2045 607 2109 nascentibus
625 2044 704 2120 lieri,
725 2064 788 2126 quo
808 2044 902 2109 modo
922 2048 987 2109 tam
1007 2043 1255 2107 innumerabiles
1274 2042 1400 2105 animae
1418 2066 1443 2106 rs

244 2152 463 2234 paruulorum,
489 2168 567 2233 quas
588 2151 791 2241 deoaertum
817 2156 867 2217 est
890 2155 961 2216 ante
985 2150 1156 2216 rationales
1180 2167 1288 2225 annos,
1313 2153 1400 2213 ante·

241 2277 339 2339 quam
364 2258 534 2340 quicquam
553 2258 674 2322 iustum
694 2258 894 2322 iniustumue
915 2276 1025 2340 sapere
1050 2258 1100 2321 uel
1127 2274 1238 2339 capere
1262 2257 1399 2337 possint,

243 2365 313 2428 sinc
341 2365 501 2446 baptismo
531 2364 569 2429 de
598 2364 783 2446 corporibus
817 2366 964 2441 exituras,
993 2365 1077 2428 iuste
1105 2364 1137 2427 in
1161 2362 1398 2426 damnationem

242 2470 359 2533 dentur
391 2471 429 2534 ab
463 2471 519 2535 illo
553 2472 674 2554 utique,
713 2472 799 2554 apud
831 2490 925 2553 quern
959 2490 1019 2537 nou
1055 2474 1106 2536 est
1135 2470 1301 2552 iniquitas.
1337 2488 1397 2533 non

241 2596 324 2658 opus
349 2581 398 2641 est
426 2578 464 2641 de
489 2578 548 2641 bac
572 2598 603 2641 re
628 2578 719 2660 plura
743 2578 857 2655 dicere,
888 2598 959 2642 cum
985 2576 1079 2655 scias,
1110 2576 1186 2659 quid
1215 2576 1314 2639 uelim
1344 2578 1398 2639 uel
1416 2600 1440 2640 rr

244 2685 351 2765 potius
381 2684 457 2766 quid
484 2685 583 2749 nolim
615 2685 728 2749 dicere.
757 2686 836 2749 satis
861 2685 1006 2751 existimo
1037 2684 1173 2767 sapienti
1201 2702 1284 2757 esse,
1312 2683 1397 2765 quod

242 2790 316 2853 diri.
344 2810 455 2854 uerum
484 2796 601 2867 tamen,
632 2791 658 2855 si
687 2790 808 2871 aliquid
837 2792 920 2871 hinc,
956 2810 1017 2873 quo
1046 2790 1110 2855 ista
1138 2790 1284 2873 quaestio
1313 2790 1397 2854 solui

244 2900 349 2978 queat,
374 2898 427 2960 uel
446 2898 555 2981 legisti
574 2898 628 2960 uel
647 2916 683 2961 ex
701 2916 754 2961 ore
776 2900 843 2962 eius
864 2898 982 2962 audisti
1003 2898 1055 2961 uel
1079 2896 1138 2961 tibi
1161 2896 1225 2979 ipsi
1248 2896 1397 2961 dominus

243 3004 396 3084 cogitanti
429 3004 572 3079 donauit,
609 3009 646 3067 ut
683 3004 821 3083 noueris,
854 3004 1027 3085 impertire,
1061 3002 1202 3077 obsecro,
1236 3003 1329 3077 mihi,
1363 3012 1397 3066 ut

243 3109 362 3191 gratias
386 3110 548 3175 uberiores
572 3129 673 3193 agam.
1412 3133 1437 3173 as

195 3220 218 3281 3
287 3215 372 3279 Illud
402 3235 477 3280 uero
507 3216 545 3280 de
578 3216 721 3281 officioso
754 3216 893 3300 utilique
925 3216 1099 3293 mendacio,
1133 3216 1218 3299 quod
1251 3214 1396 3298 exemplo

243 3322 362 3385 domini
399 3322 437 3386 de
475 3322 526 3385 die
564 3325 596 3386 et
633 3324 711 3386 hora
747 3324 844 3387 huius
883 3323 1004 3387 saeculi
1039 3322 1169 3387 finiendi
1201 3341 1261 3387 nec
1294 3322 1394 3386 tilium

242 3431 323 3495 scire
348 3429 481 3494 dicentis
510 3432 632 3513 putasti
656 3450 727 3494 esse
751 3430 952 3507 soluendum,
981 3434 1098 3493 conatu
1122 3429 1252 3511 quidem
1276 3428 1394 3511 ingenii

241 3538 300 3613 tui,
331 3556 402 3600 cunr
431 3536 582 3620 legerem,
616 3536 806 3613 delectabar,
837 3536 893 3602 sed
921 3538 1007 3601 nullo
1036 3537 1130 3601 modo
1159 3536 1238 3599 mihi
1267 3536 1395 3599 uidetur

239 3644 394 3725 tropicam
423 3644 617 3708 locutionem
646 3647 731 3706 recte
760 3643 823 3707 dici
851 3662 944 3726 posse
973 3642 1182 3709 mendacium.
1216 3662 1278 3707 non
1312 3640 1434 3706 enims>

241 3750 442 3815 mendacium
462 3754 521 3827 est,
547 3770 619 3814 cum
640 3749 723 3813 diem
743 3750 863 3813 laetum
884 3750 1031 3825 dicimus,
1057 3749 1141 3831 quod
1160 3750 1263 3815 laetos
1287 3749 1392 3823 faciat,

238 3865 297 3919 aut
325 3858 450 3921 tristem
481 3857 639 3938 lupinum.
675 3856 759 3937 quod
792 3858 952 3941 gustantis
985 3856 1111 3921 uultum
1142 3874 1249 3919 amaro
1284 3874 1392 3939 sapore

332 4048 364 4101 19
383 4048 460 4100 Rom.
480 4048 505 4109 9,
527 4049 559 4099 14
614 4048 648 4099 27
668 4047 750 4101 Marc.
773 4048 814 4107 13,
834 4048 881 4110 32;
902 4046 999 4100 matth.
1019 4048 1062 4109 24,
1082 4047 1116 4099 36

276 4174 293 4226 2
313 4173 484 4225 aduersamm
510 4170 536 4222 l*
605 4172 620 4223 3
640 4174 804 4239 tempestate
822 4171 854 4221 io
872 4186 942 4235 raa.,·
955 4170 1017 4237 fuit
1034 4174 1156 4239 tempore
1181 4169 1209 4223 U
1222 4176 1350 4241 tempora
1371 4170 1396 4221 t’

239 4264 298 4315 ter
351 4263 385 4314 20
406 4264 476 4330 cum]
498 4263 561 4329 quia
579 4263 611 4314 to
629 4260 734 4314 ruaU
