3092 4959
536 349 801 418 epistularum
831 348 909 404 CXL.
1230 352 1295 414 203

143 542 175 604 in
200 541 281 625 ipsis
307 543 489 624 corporibus
513 561 660 624 eaquae
685 543 832 607 inferiora
855 547 940 620 sunt,
960 544 1046 608 sicut
1064 547 1146 608 terra
1163 548 1197 608 et
1214 562 1296 625 aqua

144 654 177 712 et
200 649 270 729 ipse
295 667 357 726 aar,
381 647 511 714 meliora
534 649 614 714 fiunt
640 649 882 733 participatione
909 650 1060 726 melioris,
1084 649 1117 713 id
1146 652 1196 715 est
1222 669 1295 714 oum

143 754 216 820 luce
259 754 488 820 inluminantur
528 759 560 820 et
601 757 724 821 feruore
768 759 969 840 uegetantur,
1009 757 1055 821 sic
1096 757 1297 838 incorporeae

145 871 309 925 creaturae
323 862 491 927 rationales
506 863 608 944 ipsius
624 864 773 928 creatoris
788 864 869 928 fiunt
881 864 1124 946 participatione
1138 863 1296 939 meliores,

107 986 220 1032 acum
253 968 282 1032 ei
316 969 484 1034 cohaerent
514 971 686 1054 purissima
718 977 750 1035 et
783 971 987 1036 sanctissima
1019 971 1164 1044 caritate,
1201 989 1297 1052 quam

146 1074 351 1140 omnimodo
376 1075 404 1140 si
428 1078 594 1155 caruerint,
619 1079 840 1144 tenebrescent
864 1083 896 1144 et
923 1079 1132 1144 obdurescent
1159 1077 1296 1158 quodam

143 1181 252 1246 modo.

48 1285 92 1347 st·
191 1288 327 1354 Proinde
360 1289 504 1356 infideles
538 1292 681 1358 homines
714 1291 863 1356 tenebrae
900 1295 984 1356 sunt.
1022 1291 1076 1373 qui
1113 1309 1168 1372 per
1203 1289 1298 1354 tidem

145 1396 294 1460 conuersi
318 1397 476 1462 addeum
501 1399 635 1480 quadam
660 1400 834 1481 praemissa
856 1397 1097 1463 inluminatione
1124 1397 1178 1460 lux
1205 1394 1297 1459 fiunt.

98 1525 126 1564 ro
145 1502 178 1566 in
208 1522 271 1585 qua
298 1503 489 1584 proficiendo
515 1506 542 1570 si
566 1526 603 1570 ex
630 1507 691 1571 lide
721 1505 759 1570 ad
788 1505 927 1589 speciem
954 1503 1165 1589 peremerint,
1189 1506 1227 1566 ut
1253 1501 1297 1580 id,

145 1609 233 1691 quod
262 1610 403 1692 eredunt,
432 1614 528 1677 ctiam
557 1615 747 1696 conspicere.
777 1614 862 1678 sicut
889 1614 1013 1676 tanturn
1040 1611 1159 1675 bonurn
1192 1613 1300 1691 potest

146 1715 299 1796 conspici,
319 1718 698 1801 mereantu1·‚porfectam
718 1720 872 1802 recipient
896 1717 1067 1802 imaginem
1090 1715 1155 1791 dei3
1179 1716 1298 1780 talibus

147 1821 232 1886 enim
254 1821 333 1888 dicit
351 1825 531 1906 apostolus:
550 1825 711 1890 Fuistis
732 1824 953 1906 aliquando
973 1823 1176 1900 tenebrae,
1195 1841 1298 1886 nunc

147 1933 282 1993 autem
304 1931 368 1994 lux
388 1932 426 1996 in
446 1932 577 1997 domin
589 1953 614 1998 o.
629 1953 721 2016 porro
739 1932 885 1996 diabolus
901 1937 932 1997 et
947 1931 1051 2015 angeli
1066 1931 1136 1995 eius
1150 1931 1298 1994 tenebrae

99 2059 127 2098 ra
147 2038 226 2100 sunt
243 2035 424 2102 infidelibus
444 2038 627 2104 hominibus
647 2039 831 2111 exteriores,
851 2039 924 2119 plus
943 2038 1025 2101 enim
1046 2037 1084 2100 ab
1099 2036 1155 2099 illa
1168 2035 1299 2100 caritate

148 2143 255 2206 auersi
280 2146 313 2206 et
331 2143 360 2206 in
381 2163 475 2209 suum
499 2145 618 2210 fastum
643 2146 952 2226 obstinationemque
975 2142 1133 2227 progressi
1157 2144 1242 2205 sunt.
1268 2145 1300 2203 et

148 2249 297 2330 quoniam
328 2253 465 2314 extremo
492 2251 611 2316 iudicio
640 2251 784 2316 dicturus
813 2254 864 2315 eet
891 2250 1037 2315 Christus
1067 2249 1123 2323 eis,
1152 2266 1232 2330 qrros
1260 2246 1299 2310 ad

147 2356 313 2420 sinistram
328 2357 498 2422 discernet:
519 2360 579 2423 Ite
600 2359 637 2423 in
657 2359 789 2443 ignem
808 2363 1026 2434 aeternum,
1042 2356 1112 2438 qui
1131 2357 1298 2436 paratus

147 2467 212 2528 eat
250 2463 414 2528 diabolo
452 2471 491 2530 et
529 2466 689 2550 angelis
727 2467 825 2538 eius,
863 2465 914 2529 bis
951 2463 1100 2546 malignis
1132 2460 1298 2542 spiritibus

97 2597 127 2635 ao
147 2571 387 2655 coniungendos
421 2572 580 2655 simulque
613 2573 807 2638 damnandos
840 2571 926 2637 dicet
955 2571 1057 2635 ituros
1089 2569 1121 2632 in
1153 2566 1299 2632 tenebras

147 2677 330 2756 exteriores,
353 2679 386 2742 id
411 2685 460 2744 est
479 2681 508 2744 in
530 2682 714 2746 societatem
738 2679 903 2762 poenalem
927 2677 1046 2742 diaboli
1065 2681 1097 2740 et
1115 2675 1298 2758 augelorum

148 2785 229 2849 eius.
258 2785 332 2850 huic
360 2806 479 2879 poenae
508 2787 698 2852 contrarium
728 2791 788 2852 est.
817 2787 902 2869 quod
928 2785 1010 2849 bono
1042 2802 1134 2848 seruo
1168 2780 1298 2846 dicitur:

147 2891 264 2956 intra
295 2891 333 2955 in
368 2892 559 2974 gaudium
594 2893 743 2957 domini
776 2892 848 2969 tui,
881 2894 928 2968 ut,
962 2895 1079 2973 quanto
1112 2891 1188 2952 sunt
1219 2887 1299 2951 istae

147 2998 298 3062 tenebrae
327 2999 505 3078 exteriores,
532 3003 621 3064 tanto
651 3000 694 3063 sit
721 3001 829 3063 lumen
856 2996 937 3063 illud
964 2997 1108 3061 interius.
1133 3014 1193 3060 non
1221 2994 1299 3058 haec

96 3129 128 3168 aa
146 3124 206 3188 per
241 3103 383 3171 locorum
420 3107 589 3172 interualla
625 3107 709 3170 inani
746 3107 968 3188 phantasmate
1005 3101 1174 3186 cogitanda
1210 3104 1298 3174 sunt;

146 3213 266 3278 localia
288 3214 392 3297 spatia
415 3233 475 3279 non
500 3218 657 3296 occupant
680 3213 741 3277 nisi
766 3230 931 3293 corpomm
956 3212 1066 3274 moles.
1090 3228 1150 3273 non
1171 3212 1222 3272 est
1240 3207 1299 3271 boc

243 3422 275 3476 13
294 3421 364 3492 Eph.
385 3423 409 3490 5,
428 3425 444 3473 8
501 3423 533 3475 18
554 3421 651 3474 Mattb.
671 3421 714 3486 25,
733 3420 765 3473 41
823 3420 858 3473 23
878 3418 976 3473 blattb.
996 3419 1039 3485 25,
1059 3417 1093 3470 23

186 3548 203 3600 2
224 3564 261 3607 ar,
281 3563 315 3599 m.
335 3553 350 3600 1
370 3563 439 3602 corr.
459 3563 504 3600 aer
523 3546 548 3598 L
629 3543 997 3614 melioris-participatione
1016 3559 1068 3596 om.
1092 3540 1114 3594 O
1204 3541 1300 3594 dluoe

148 3635 251 3690 aar
305 3635 461 3705 'incorpore
483 3635 538 3690 GT
590 3632 868 3704 4rnelmelioreeG
932 3635 1022 3699 tque
1044 3629 1153 3684 ORGT
1169 3633 1213 3697 (aa
1231 3645 1299 3684 corr.

147 3741 184 3778 m.
208 3731 240 3778 ut
265 3724 323 3778 oid.
348 3729 375 3788 1;
393 3725 455 3791 fait
479 3725 552 3793 quia)
577 3723 638 3778 edd.
667 3723 793 3791 Irbapipps'
817 3721 895 3776 codd.
921 3719 1067 3783 conrnune}
1091 3719 1126 3787 cf.
1147 3736 1177 3787 p.
1200 3722 1300 3779 7414

148 3817 165 3870 6
187 3815 261 3868 omni
281 3812 372 3882 modo]
393 3813 502 3868 omnino
521 3813 548 3867 It
607 3811 801 3866 tenebrescunt
820 3816 848 3864 et
866 3809 1049 3863 obdurescunt
1071 3807 1096 3860 Τ
1112 3807 1173 3861 edd.
1189 3812 1301 3875 praeter

148 3923 168 3957 a
218 3903 248 3955 ll
269 3903 424 3972 prospicere
443 3901 514 3971 Eup.
563 3902 595 3954 13
617 3902 687 3955 eninr
707 3899 808 3954 onaT
853 3901 885 3952 lb
905 3898 1053 3952 deteriores
1072 3895 1132 3948 edd.
1148 3902 1261 3964 praeter
1273 3913 1300 3949 m

150 3995 185 4047 lt
204 3996 234 4046 et
252 4009 304 4046 om.
324 3991 350 4043 L
422 3990 523 4045 lactum
546 3991 601 4044 GT
616 3989 740 4059 Euyippi
759 3990 818 4044 eod.
837 3988 931 4043 Ambe.
951 3995 975 4040 et
998 3986 1062 4039 Vct.
1124 3985 1155 4036 17
1176 3984 1300 4038 Christus

149 4083 272 4136 dicturus
293 4085 335 4134 est
353 4079 413 4135 edd.
483 4081 515 4134 18
535 4079 664 4134 disceruit
683 4079 754 4146 Eup.
823 4077 858 4131 20
878 4076 944 4130 dicit
962 4092 989 4128 m
1007 4075 1079 4143 Eup.
1146 4074 1179 4126 21
1200 4072 1300 4141 angeli,

149 4190 183 4226 m.
204 4175 219 4223 1
239 4169 276 4238 (?)
296 4185 365 4223 corr.
385 4168 541 4238 angelorum
565 4169 586 4220 L
695 4169 729 4220 23
747 4169 790 4220 tui
811 4172 834 4230 (t
851 4183 886 4221 m.
906 4169 926 4217 2
943 4163 1087 4218 traducam
1107 4167 1157 4214 aret
1175 4164 1256 4227 corr.)
1277 4161 1301 4213 t)

187 4258 307 4330 quando,
326 4257 390 4313 stilo
410 4264 547 4312 causeam
567 4274 635 4311 corr.
657 4262 757 4326 quanto
776 4256 803 4308 L
858 4257 892 4309 26
911 4258 953 4307 est
972 4252 1071 4306 om.T
1267 4244 1269 4247 ’
