3092 4959
282 350 323 412 38
639 348 665 399 S.
694 346 833 404 Aureli
860 347 1076 416 Augustini

281 560 337 604 nos
367 540 512 608 dicebant
560 541 699 623 ,xemplo
728 560 785 605 saro
815 560 886 606 esse
913 541 1060 607 damnata
1087 546 1119 607 et
1150 542 1337 608 credendum
1367 547 1428 609 est.

282 648 367 729 quod
393 649 456 711 iam
484 649 680 733 intellegant,
705 668 800 730 quarn
829 649 873 713 sit
899 648 1076 732 indignum,
1101 668 1195 731 quam
1218 650 1426 731 intolerabile,

281 759 325 833 ut,
349 774 421 819 cum
446 756 577 821 sedeant
597 756 630 819 in
656 755 815 820 cathedris
839 756 1073 839 episcopalibus
1098 776 1171 821 cum
1194 756 1267 821 istis
1296 762 1328 821 et
1355 778 1426 822 cum

280 860 349 945 ipso
370 862 466 926 simul
484 863 644 928 Primiano
664 862 863 929 damnatores
884 862 952 927 eius
972 866 1005 926 et
1024 863 1165 927 damnati
1183 863 1214 927 in
1234 883 1331 929 carrea
1348 864 1426 935 eius,

281 973 318 1032 ut
348 970 392 1033 sit
423 989 481 1049 par
513 970 545 1033 in
576 974 664 1052 parte
698 968 825 1045 Donati,
859 969 898 1033 de
931 969 1110 1035 Caeciliano
1143 970 1314 1036 infametur
1345 970 1428 1035 orbis
1456 992 1469 1032 s

282 1074 491 1153 Christianus
516 1094 555 1139 ne
577 1076 609 1139 in
633 1096 709 1159 pace
734 1078 826 1141 uiuat
848 1078 954 1141 unitas
981 1076 1109 1143 Christi.

238 1178 257 1240 6
325 1184 412 1247 Haec
436 1183 540 1248 omnia
561 1182 695 1247 fortasse
719 1184 897 1265 cogitantes
917 1188 950 1247 et
968 1183 1019 1247 dei
1036 1184 1150 1247 timore
1169 1184 1304 1267 pennoti
1322 1202 1428 1247 omnes

282 1290 469 1355 conlationis
500 1290 570 1355 loco
605 1290 715 1355 adesse
744 1290 918 1355 uoluerunt
944 1308 1005 1355 non
1033 1290 1193 1355 tumultus
1223 1290 1429 1371 dispositione

283 1396 336 1460 sad
360 1397 458 1479 pacis.
483 1396 567 1480 quod
591 1396 673 1461 enim
697 1400 861 1480 propterea
888 1415 921 1461 se
945 1398 1111 1461 uniuersos
1137 1395 1247 1460 adesse
1276 1394 1428 1472 dixerunt,

283 1506 319 1567 ut
352 1522 459 1568 eorum
493 1522 642 1569 numerus
672 1506 829 1586 appareat,
859 1504 1006 1585 quoniam
1037 1522 1090 1568 cos
1123 1521 1241 1586 paucos
1276 1522 1346 1567 essa
1379 1502 1430 1565 ad·
1448 1526 1469 1561 n

283 1611 414 1677 uersarii
447 1611 497 1676 sui
529 1629 622 1694 saepe
657 1610 781 1674 mentiti
817 1615 901 1687 sunt,
935 1610 995 1674 hoc
1024 1610 1050 1673 si
1079 1609 1248 1692 aliquando
1274 1611 1429 1675 anostris

283 1718 404 1783 dictum
428 1722 486 1791 est,
511 1717 548 1781 de
573 1716 623 1782 his
646 1718 727 1782 locis
751 1716 814 1780 dici
837 1716 1005 1781 uerissime
1029 1717 1144 1799 potuit,
1173 1716 1228 1781 ubi
1252 1718 1429 1781 nostrorum

283 1824 541 1908 coepiscoporum
566 1828 598 1888 et
622 1824 807 1889 clericorum
836 1828 931 1906 atque
955 1824 1109 1888 laicorum
1131 1824 1226 1907 louge
1256 1822 1356 1885 maior
1382 1826 1429 1885 est

282 1950 432 1995 numerus
456 1934 489 1994 et
511 1932 645 1995 maxime
669 1930 701 1994 in
724 1930 942 2012 proconsulari
969 1930 1143 2013 prouincia,
1167 1948 1358 2012 quamquam
1381 1947 1430 1992 er·

282 2042 373 2122 cepta
396 2038 547 2103 Numidia
571 2038 728 2102 consulari
752 2037 848 2102 etiam
875 2039 908 2101 in
937 2038 1051 2102 ceteris
1079 2036 1251 2121 prouinciis
1274 2035 1429 2100 Africanis
1448 2056 1468 2096 a

282 2148 459 2209 nostrorum
476 2162 605 2209 numero
616 2143 766 2209 facillimo
782 2148 970 2226 superentur
983 2148 1039 2209 aut
1053 2147 1138 2208 certe
1151 2144 1182 2207 in
1198 2144 1430 2226 comparatione

283 2252 424 2314 omnium
450 2250 604 2334 gentium,
624 2270 679 2333 per
702 2270 781 2331 quas
806 2251 963 2315 catholica
986 2251 1166 2317 communio
1191 2251 1350 2325 dilatatur,
1375 2267 1429 2312 eos

283 2376 351 2422 csse
379 2358 590 2441 paucissimos
619 2357 796 2422 rectissime
825 2358 971 2422 dicimus.
1006 2358 1062 2422 aad
1094 2377 1177 2423 nunc
1206 2359 1233 2422 si
1265 2375 1428 2422 numerum

282 2484 375 2528 suum
394 2464 590 2528 innotescere
608 2464 797 2540 uoluissent,
812 2484 913 2529 nonne
927 2466 1102 2529 ordinatius
1118 2468 1212 2548 atquc
1226 2462 1427 2547 tranquillius

281 2572 492 2635 innotesceret
514 2590 570 2654 per
597 2590 705 2635 eornm
733 2572 994 2655 subscriptiones,
1019 2592 1097 2654 quas
1128 2576 1163 2635 ut
1190 2572 1336 2636 mandato
1365 2587 1423 2634 auo
1445 2590 1468 2630 a

282 2686 313 2743 te
334 2680 477 2743 cernente
497 2678 700 2762 subiungant,
721 2679 825 2744 edicto
845 2680 1061 2744 admonuisti?
1081 2678 1156 2761 quid
1176 2678 1237 2744 sibi
1257 2697 1331 2761 crgo
1351 2674 1423 2740 uult

283 2784 365 2868 quod
389 2784 576 2849 conlationis
599 2785 668 2850 loco
689 2804 797 2851 omnes
816 2785 926 2850 adesse
946 2784 1143 2850 desiderant?
1163 2785 1190 2849 si
1209 2784 1292 2849 enim
1310 2803 1419 2865 pacem

282 2910 342 2956 non
371 2891 523 2975 cogitant,
554 2891 629 2973 quid
662 2910 723 2956 non
752 2892 985 2975 perturbabunt
1011 2892 1151 2956 locuturi
1179 2896 1236 2957 aut
1263 2892 1339 2975 quid
1365 2890 1431 2955 illio

282 2998 399 3063 facient
421 2998 570 3062 tacituri?
598 3018 670 3062 uam
699 2999 825 3062 etiamsi
853 3000 973 3063 clamor
999 3018 1059 3063 noo
1088 3000 1140 3075 ait,
1166 3001 1254 3063 solus
1283 3018 1431 3063 susurrus

281 3105 349 3186 ipse
372 3106 548 3170 multorum
573 3105 650 3169 satis
676 3125 825 3189 magnum
845 3106 1013 3188 strepitum
1037 3106 1141 3186 faciet,
1160 3125 1222 3188 quo
1241 3106 1432 3187 impediatur
1447 3122 1468 3163 a

280 3213 337 3277 illa
360 3212 509 3277 conlatio.

238 3312 255 3373 7
326 3317 410 3397 Quid
439 3324 486 3383 est
515 3322 632 3397 autem,
662 3320 746 3401 quod
773 3320 806 3383 in
836 3321 958 3384 noton'a
986 3339 1045 3384 sue
1072 3320 1252 3401 ponendum
1280 3321 1431 3401 putarunt
1517 3387 1518 3398 ,

282 3425 352 3489 ideo
378 3444 410 3488 se
434 3426 518 3490 iuste
543 3426 715 3511 flagitasse,
740 3430 777 3490 ut
802 3446 909 3492 omnes
941 3426 1098 3504 adessent,
1123 3426 1197 3509 quia
1225 3445 1332 3491 omnes
1360 3444 1430 3490 cou-

281 3531 369 3595 uenti
395 3536 476 3610 sunt,
502 3537 540 3596 ut
561 3534 716 3610 uenirent,
737 3534 828 3615 quasi
852 3536 983 3615 possent
1007 3533 1082 3617 eligi
1105 3534 1209 3614 pauci,
1239 3532 1292 3614 qni
1320 3531 1430 3595 adesse

283 3637 441 3719 deberent,
466 3639 526 3704 nisi
555 3639 592 3703 ab
623 3639 781 3717 omnibus,
808 3640 861 3721 qui
888 3641 1063 3716 uenissent,
1088 3644 1125 3705 ut
1153 3660 1261 3705 eorum
1286 3638 1469 3704 electionis

282 3750 313 3809 te
337 3750 500 3828 praesente
525 3746 759 3811 subscriberent
778 3766 814 3811 ac
834 3747 930 3812 sicin
954 3747 1063 3830 paucis
1088 3766 1198 3811 omnes
1222 3750 1339 3823 essent,
1360 3764 1431 3809 cum
1517 3767 1518 3770 ¹

283 3853 320 3916 ah
342 3852 488 3917 omnibus
508 3853 601 3936 pauci
617 3854 709 3918 alecti
726 3857 854 3919 esseut?
874 3858 930 3918 aut
950 3874 1023 3937 ergo
1042 3854 1203 3918 tumultus
1223 3853 1261 3918 ab
1282 3853 1327 3917 cis
1347 3852 1431 3936 cogi·

282 3963 367 4024 talin·
391 3968 446 4024 aut
469 3980 536 4042 par.
560 3980 695 4042 quorum
718 3960 798 4025 illud
824 3964 981 4043 optamus,
1006 3960 1087 4025 illud
1111 3979 1262 4025 canemus
1294 3967 1327 4023 et
1349 3958 1430 4024 ideo.

318 4168 554 4222 'Zintolerabilem
574 4172 609 4236 (m
631 4168 965 4237 m‚sortusse1del.)P
1020 4170 1049 4223 ll
1071 4186 1152 4239 saepe
1171 4170 1214 4222 aui
1234 4186 1259 4221 na
1314 4169 1348 4222 15
1368 4184 1431 4221 con·
1517 4125 1518 4158 i

283 4256 378 4309 sulani·
394 4257 462 4323 (suit
483 4263 505 4323 a)
526 4258 552 4309 P
607 4258 639 4311 ld
660 4258 806 4311 facillimae
826 4258 852 4309 P
905 4260 939 4312 28
959 4258 1013 4327 qui,
1033 4276 1066 4311 m.
1083 4262 1098 4311 1
1119 4274 1188 4312 corr.
1208 4257 1273 4327 quia
1291 4257 1318 4309 P
