3092 4959
269 388 332 450 452
624 386 650 437 S.
679 384 817 438 Aureli
845 386 1064 454 Augustini

269 582 303 645 in
329 581 628 663 temptationem,
650 578 677 643 si
696 579 756 645 boo
777 580 825 645 sio
843 581 874 645 in
895 584 1002 645 nostra
1020 580 1161 663 positum
1182 583 1233 644 ost
1252 582 1416 661 potestate.

270 691 306 752 ut
337 687 425 752 nullo
458 687 546 752 illius
580 687 737 752 adiutorio
770 688 803 751 id
835 688 1001 753 ualeamus
1037 688 1181 769 implere.
1219 686 1342 751 dietum
1372 692 1418 751 est

271 795 368 859 enim:
393 794 445 858 Ne
470 812 537 859 nos
560 794 702 859 inferas
727 795 764 859 in
785 794 1085 875 temptationem,
1106 794 1191 877 qnod
1210 794 1417 877 intellegitur:

270 902 318 966 Ne
347 920 404 965 nos
432 900 539 965 int'erri
569 900 740 966 deserendo
765 899 943 984 permittas.
972 901 1106 966 fidelis
1131 900 1227 965 enim
1250 900 1355 974 deus,
1377 900 1418 966 ait

272 1008 449 1091 apostolus,
471 1008 623 1089 quinon
645 1027 711 1073 uos
727 1006 1312 1090 permittattemptarisuperid,
1328 1006 1419 1089 quod
1445 1024 1455 1065 a

270 1114 448 1197 potestis,
474 1114 537 1178 sed
558 1114 673 1179 faoiet
694 1134 776 1179 eum
795 1115 1049 1198 temptatione
1069 1115 1183 1179 etiam
1207 1113 1361 1187 exitum,
1383 1123 1421 1175 nt

272 1220 435 1305 possitis
465 1220 665 1287 sustinere.
696 1224 733 1284 ut
761 1219 837 1304 quid
865 1220 927 1285 hoo
955 1221 1035 1284 dixit
1058 1220 1153 1285 deum
1176 1220 1290 1292 faeere,
1313 1220 1344 1285 si
1366 1220 1420 1283 boo

272 1329 339 1393 sine
362 1328 464 1411 ipsius
490 1327 645 1392 adiutorio
670 1328 700 1391 in
727 1328 795 1392 sola
818 1331 927 1393 nostra
950 1332 1000 1392 est
1024 1331 1204 1409 potestate?

228 1432 247 1495 6
316 1436 397 1499 Nam
427 1440 458 1498 st
487 1434 556 1516 ipsa
586 1435 633 1498 lex
662 1433 692 1497 in
723 1434 783 1498 hoo
812 1434 1005 1498 adiutorium
1036 1434 1110 1499 data
1137 1433 1287 1507 eatinis,
1312 1434 1421 1515 quiea

272 1542 414 1625 legitime
439 1544 583 1607 utuntur.
614 1544 649 1605 nt
673 1560 728 1623 per
756 1540 845 1604 illam
869 1540 982 1615 sciant,
1011 1540 1062 1604 uel
1092 1539 1168 1621 qnid
1195 1539 1341 1603 iustitiae
1363 1540 1420 1604 iarn
1438 1560 1459 1599 n

272 1649 462 1731 acceperint,
487 1647 568 1711 unde
595 1648 712 1731 gratias
733 1650 839 1730 agant,
864 1646 918 1710 uel
937 1646 1014 1728 quid
1032 1646 1078 1711 eis
1099 1646 1203 1711 adhuc
1222 1646 1319 1724 desit,
1344 1645 1421 1727 qnod

273 1757 429 1819 instanter
456 1758 575 1835 petant.
611 1753 663 1835 qui
693 1756 800 1817 autem
830 1754 876 1816 sio
904 1752 1049 1827 audiunt,
1074 1752 1158 1834 quod
1187 1752 1232 1817 ait
1254 1753 1319 1817 let:
1349 1752 1421 1817 Non

274 1862 532 1945 concupiscet,
552 1864 589 1924 ut
608 1861 668 1925 hoo
683 1860 757 1941 quia
778 1860 968 1935 didicerunt,
988 1860 1135 1924 sufficere
1154 1858 1216 1923 sibi
1235 1860 1422 1925 arbitrentur

273 1988 331 2032 neo
356 1967 512 2032 adiutorio
533 1967 652 2051 gratiae
673 1966 722 2031 dei
743 1966 782 2031 ad
801 1967 992 2043 faciendum,
1018 1967 1102 2050 quod
1126 1968 1251 2031 iussum
1276 1972 1338 2035 est.
1362 1966 1421 2029 dari

275 2075 337 2139 sibi
360 2075 512 2140 uirtutem
538 2073 665 2138 credant
685 2078 717 2138 et
736 2076 855 2157 petant,
880 2073 918 2138 ad
942 2073 1003 2137 hoo
1027 2072 1074 2137 eis
1097 2073 1156 2137 lex
1179 2072 1420 2137 subintrauit.
1436 2088 1458 2127 ιε

275 2186 316 2247 ut
340 2182 503 2247 abundet
528 2180 720 2247 delictum.
751 2180 836 2264 quod
861 2181 982 2245 dictum
1013 2186 1062 2245 est
1086 2180 1124 2245 de
1147 2180 1287 2245 Iudaeis.
1315 2200 1418 2263 parum

277 2293 327 2354 est
350 2289 443 2364 enim,
469 2289 542 2371 quia
566 2306 626 2352 non
651 2287 795 2370 implent,
820 2288 904 2369 quod
925 2286 1086 2371 praecepit
1104 2287 1170 2350 lex:
1193 2287 1273 2352 Non
1298 2306 1419 2351 eontu-

276 2396 412 2479 pisoes,
433 2395 490 2459 sed
508 2395 639 2477 insuper
658 2398 690 2458 et
709 2394 906 2477 superbiunt,
931 2398 968 2458 nt
989 2394 1210 2478 ignorantes
1234 2393 1294 2458 dei
1318 2394 1418 2458 iusti-

276 2502 378 2578 tiam,
402 2502 504 2565 idest
528 2521 622 2583 quam
648 2501 725 2564 dens
751 2501 815 2576 dat,
836 2501 891 2583 qui
913 2500 1067 2565 iustificat
1091 2500 1238 2581 impium,
1263 2504 1299 2565 et
1323 2518 1416 2565 susm

277 2608 451 2673 nolentes
495 2608 731 2672 constituere
773 2608 936 2688 tamquam
974 2624 1048 2672 suae
1086 2606 1264 2671 uoluntatis
1303 2606 1452 2671 uiribus»

278 2714 394 2778 saetam
419 2713 595 2777 institiae
620 2711 679 2776 dei
704 2730 773 2775 non
795 2715 882 2776 sunt
902 2711 1078 2777 subiecti.
1097 2711 1190 2776 finis
1210 2712 1307 2777 enim
1326 2712 1416 2795 legis

279 2821 455 2885 Christus
485 2820 527 2883 ad
556 2819 747 2884 iustitiam
783 2820 880 2883 omui
915 2818 1095 2883 credenti.
1129 2818 1183 2901 qui
1216 2819 1328 2901 utique
1355 2818 1416 2881 ideo

278 2928 376 3003 uenit,
401 2930 446 2993 nt.
477 2926 537 2990 ubi
567 2924 777 2990 abrandauit
805 2925 999 2994 delictum.
1029 2926 1266 3009 superabundet
1294 2926 1414 3011 gratia.

369 3188 614 3251 4lcor.1o,13
670 3188 751 3242 ons.
772 3196 796 3254 tt,
816 3190 851 3243 20
870 3206 923 3243 soc.
943 3188 1279 3258 Septuog.;1'ri1n.1,a
1335 3188 1413 3243 latr.

278 3278 325 3345 20,
346 3277 391 3341 173
412 3278 494 3331 Dent.
511 3278 640 3345 5,al;7,
660 3278 707 3341 25;
729 3278 805 3331 Rom.
822 3279 847 3340 7,
867 3279 896 3335 7:
917 3278 994 3340 raa
1034 3278 1066 3331 15
1086 3278 1162 3331 Rom.
1183 3278 1208 3335 5.
1227 3280 1262 3332 20
1301 3280 1332 3332 lt‘
1350 3277 1412 3331 Rom.

282 3366 323 3423 10.
343 3368 413 3420 3—4
469 3368 504 3420 23
524 3368 600 3419 Rom.
622 3369 645 3429 5,
666 3368 700 3419 ‘20

318 3490 331 3543 1
353 3491 375 3543 ai
396 3489 693 3559 hoc—temptationem
714 3508 764 3544 ora.
787 3490 836 3544 00
907 3490 935 3543 in
954 3494 1049 3544 nostra
1067 3490 1107 3545 sio
1125 3493 1244 3561 positum
1263 3498 1306 3545 est
1322 3489 1377 3543 edd.
1391 3488 1411 3539 in

281 3582 375 3632 nostra
394 3579 430 3631 sit
449 3580 568 3647 positum
587 3579 615 3632 P
677 3581 693 3631 t
712 3580 834 3649 patietur
850 3578 877 3631 L
895 3596 946 3633 sec.
971 3578 1048 3649 Volo.
1067 3580 1205 3649 permittit
1222 3597 1237 3633 e
1238 3582 1262 3648 s
1268 3580 1280 3633 t
1287 3598 1302 3633 r
1319 3577 1412 3649 perurit·

281 3672 322 3721 tet
340 3684 367 3719 m
387 3666 448 3733 (Gr.
471 3666 551 3735 ἐάσει)
615 3684 696 3737 supra
715 3668 770 3721 LT
782 3668 878 3735 slror
927 3668 1047 3722 6faoiat
1065 3670 1093 3721 P
1153 3665 1412 3738 temptatione-[tuit

280 3760 319 3820 ιιι)
343 3756 366 3809 O
474 3762 538 3809 onte
558 3760 588 3809 ut
609 3774 663 3811 roa.
682 3760 754 3810 1-:2
774 3758 792 3809 1.
814 3758 838 3806 (r
946 3758 1098 3825 apostatis
1120 3758 1207 3823 G(m.
1227 3760 1248 3811 2
1265 3751 1415 3827 possitisti'

281 3846 378 3899 aeona
398 3845 424 3898 L
481 3846 510 3897 11
533 3845 620 3898 adimo
640 3847 679 3899 sis
697 3845 724 3898 L
743 3846 803 3899 edd.
861 3847 894 3899 la
914 3848 1131 3916 coucupiscea(e
1149 3863 1279 3908 (φωνῇ,
1290 3845 1377 3915 ΜΗ,
1397 3838 1415 3892 (’

319 3933 465 3988 didicerint
487 3934 513 3988 T
529 3934 588 3989 edd.
647 3936 678 3987 14
697 3935 844 3988 instaan
899 3937 931 3988 15
950 3936 1177 3990 subintranitlex
1198 3936 1225 3990 T
1279 3938 1309 3989 16
1327 3933 1413 3988 haban·

284 4021 363 4075 daret
381 4024 422 4091 (ar
440 4026 510 4091 asp.)
529 4022 555 4076 L
575 4022 725 4077 abundaret
750 4024 773 4076 'l'
791 4024 851 4076 edd.
870 4040 920 4079 asc.
945 4024 1023 4094 Vulp.
1097 4024 1130 4079 de
1149 4042 1200 4079 orn.
1219 4025 1248 4079 Ρ
1311 4024 1339 4077 lt
1357 4020 1412 4075 enin

285 4116 327 4164 est
345 4110 406 4165 edd.
480 4112 613 4182 praecipit
632 4112 659 4165 P
740 4112 914 4179 concupisces
933 4117 959 4179 (e
977 4130 1011 4166 ex
1029 4128 1106 4178 corr,
1118 4114 1265 4182 suititc
1351 4113 1413 4164 ibet

285 4216 336 4254 om.
355 4200 411 4254 LT
428 4200 488 4253 edd.
562 4200 754 4255 utom.1’ot
777 4201 879 4257 Tedd.
969 4203 1002 4255 21
1025 4202 1172 4257 iactumO
1256 4204 1290 4257 22
1309 4200 1413 4256 canan

285 4304 336 4341 om.
356 4288 384 4341 P
454 4306 536 4358 anper
554 4290 587 4343 ad
606 4291 740 4344 iustitiam
758 4307 793 4343 m.
814 4294 834 4343 2
852 4307 932 4359 quarn
952 4292 1000 4345 dat
1021 4291 1044 4340 (1
1098 4292 1133 4345 23
1152 4292 1253 4361 gratia·
1271 4291 1318 4346 0ss
