3092 4959
493 398 759 466 epistularum
789 396 906 451 CLXIX.
1208 397 1274 461 613

115 593 308 657 uidebantur
322 591 437 674 spiritu
458 590 620 666 excellere,
641 609 714 654 cum
734 589 945 671 superbiendo
965 594 1080 656 cuneta
1097 592 1274 656 turbarent.

116 701 151 764 si
181 698 272 782 quis
302 717 376 782 argo
406 698 572 761 uidetur
605 696 807 778 propheta
834 715 922 761 esse
952 705 1021 761 aut
1049 698 1269 780 spiritalis,

118 809 352 891 cognoscat,
385 805 500 887 inquit,
535 823 633 886 quac
668 804 802 869 scribo
830 805 964 882 uobis,
997 806 1092 888 quia
1122 806 1276 870 domiui

118 918 178 978 est
201 913 428 977 mandatum.
459 911 491 975 si
515 911 600 994 quis
624 911 784 976 uidetur
806 931 891 976 esse
920 917 953 976 ct
979 913 1093 993 utique
1120 930 1182 976 nou
1211 916 1275 984 este

84 1039 192 1084 snam
226 1019 279 1102 qui
309 1022 368 1096 est,
399 1019 465 1082 sine
496 1017 694 1082 dubitatione
723 1018 890 1102 cognoscit
916 1037 974 1082 neo
1002 1018 1217 1084 admonitione
1245 1021 1279 1082 et

118 1128 338 1191 cohortatione
368 1143 448 1208 opus
473 1125 579 1204 habet,
609 1125 684 1206 quia
708 1126 832 1189 omnia
856 1125 1003 1189 iudicat
1030 1128 1068 1189 et
1091 1145 1110 1188 a
1132 1125 1277 1189 nemine

118 1233 322 1298 iudicatur.
351 1232 400 1296 illi
429 1251 504 1316 ergo
535 1232 708 1296 seditiones
738 1236 771 1296 at
798 1232 1054 1312 perturbationes
1082 1232 1113 1295 in
1144 1232 1279 1296 ecclesia

117 1341 289 1416 faciebant,
324 1339 378 1421 qui
411 1338 602 1404 uidebantur
636 1357 716 1419 esse,
753 1339 838 1421 quod
871 1357 932 1404 non
965 1341 1063 1403 eraut.
1095 1339 1153 1403 hos
1183 1339 1277 1404 docet

119 1465 312 1530 cognoscere
332 1446 452 1511 domiui
477 1466 546 1510 asso
571 1445 768 1524 mandatum,
795 1445 962 1526 quianon
988 1449 1047 1509 ast
1069 1445 1277 1511 seditionis

71 1581 98 1618 ro
119 1553 212 1616 deus
243 1552 307 1618 scd
329 1553 447 1636 pacis.
474 1553 505 1617 si
530 1554 615 1635 quis
640 1554 765 1617 autam
789 1553 949 1637 ignorat,
973 1552 1226 1636 ignorabitur,
1245 1553 1278 1615 id

120 1663 170 1723 est
202 1658 433 1742 inprobabitur.
467 1678 527 1723 non
559 1659 642 1722 anim
680 1658 769 1736 deus,
808 1658 834 1722 si
874 1658 912 1722 ad
950 1659 1116 1722 scientiam
1149 1660 1277 1732 referas,

119 1766 247 1849 ignorat
275 1785 339 1842 ecs,
365 1765 481 1849 quibus
507 1765 651 1829 dicturus
677 1769 740 1830 est:
766 1764 961 1830 Nonnoui
986 1784 1064 1841 uos,
1089 1765 1279 1830 acdeorum

119 1873 300 1954 inprobatio
324 1873 384 1936 boc
407 1873 505 1936 uerbo
529 1872 690 1936 insinuata
714 1875 771 1935 est.

46 1977 68 2036 3
168 1981 250 2044 Oum
265 1983 373 2044 autem
389 1979 537 2044 dominus
553 1979 653 2044 dicat:
675 1979 783 2042 Beati
802 1978 939 2042 mundo
960 1978 1082 2053 corde,
1103 1978 1277 2062 quoniam

73 2115 99 2154 15
119 2087 198 2168 ipsi
219 2086 325 2150 deum
345 2087 538 2165 uidebunt,
564 2105 662 2168 eaque
682 2085 765 2150 uisio
785 2085 817 2149 in
837 2085 899 2149 fine
919 2105 1081 2149 summum
1101 2086 1278 2168 praemium

125 2191 219 2256 nobis
243 2191 460 2275 promittatur,
485 2211 547 2257 uon
572 2197 622 2256 est
644 2191 864 2269 metuendum,
890 2193 918 2255 si
940 2211 1025 2255 nunc
1049 2192 1087 2255 ad
1111 2192 1281 2275 liquidum,

125 2319 208 2381 quae
228 2299 265 2363 de
286 2300 334 2364 dei
353 2304 466 2364 natura
485 2299 654 2376 credimus,
680 2300 863 2382 conspicere
883 2318 945 2363 non
969 2305 1126 2369 ualemus.
1150 2319 1189 2362 nc
1208 2298 1280 2363 iude

127 2408 171 2470 sit
210 2405 346 2470 dictum:
386 2405 457 2485 Qui
495 2406 656 2490 ignorat,
694 2406 946 2490 ignorabitur.
984 2407 1072 2487 quia
1108 2406 1205 2470 enim
1244 2405 1281 2469 in

127 2513 320 2596 sapientia
352 2513 413 2577 dei
446 2533 516 2578 non
550 2514 733 2596 cognouit
764 2514 925 2578 muudus
958 2533 1023 2597 per
1051 2512 1281 2595 sapientiam

78 2647 105 2686 so
128 2621 251 2698 deum,
273 2621 421 2703 placuit
436 2621 503 2684 dec
518 2640 582 2703 per
598 2620 809 2684 stultitiam
829 2620 1132 2702 praedicationis
1152 2621 1281 2684 saluos

127 2729 254 2792 faeere
278 2729 485 2792 credentes.
514 2728 592 2791 baec
621 2727 761 2792 stultitia
789 2727 1035 2810 praedicationis
1059 2745 1096 2791 ac
1119 2728 1280 2792 stultum

127 2837 198 2910 dei,
229 2833 314 2918 quod
338 2834 549 2916 sapientius
575 2838 634 2898 est
658 2834 883 2911 hominibus,
912 2833 1033 2898 multos
1058 2834 1217 2898 contrahit
1241 2833 1280 2897 ad

127 2943 277 3019 salutem,
306 2945 426 3005 utnon
451 2943 555 3006 solum
580 2941 634 3023 qui
658 2940 799 3004 nondum
823 2940 934 3004 ualent
957 2945 1043 3004 certa
1065 2940 1282 3023 intellegentia

127 3049 312 3131 conspicere
341 3053 485 3112 naturam
514 3047 575 3124 dei,
605 3067 700 3129 quam
728 3047 790 3110 lide
817 3051 937 3125 tenent,
967 3066 1079 3111 uerum
1108 3047 1204 3110 etiam
1229 3047 1283 3128 qui

95 3156 270 3220 anundum
303 3156 334 3218 in
367 3155 438 3237 ipsa
472 3154 576 3218 anima
609 3173 667 3217 sua
698 3153 744 3216 ita
775 3154 994 3236 incorpoream
1023 3153 1236 3218 substantiam
1266 3173 1284 3216 a

127 3263 270 3345 corporis
299 3261 505 3344 generalitate
535 3260 727 3334 discernunt,
757 3279 851 3341 quem
880 3259 919 3323 ad
948 3259 1079 3324 modum
1108 3260 1184 3323 certi
1209 3262 1284 3324 sunt

220 3451 447 3516 6100r.2‚15
502 3449 630 3506 SICor.
652 3453 694 3514 14,
714 3452 747 3505 37
817 3450 947 3505 91001.
968 3453 1010 3514 14,
1030 3453 1064 3505 33
1136 3450 1282 3506 lOICor.

131 3543 227 3610 14,38
274 3544 307 3595 12
327 3541 426 3594 Matth.
447 3541 471 3604 7,
492 3542 538 3604 23;
559 3541 623 3594 Luc.
646 3541 687 3600 13,
706 3540 753 3604 253
775 3541 808 3594 27
856 3541 890 3594 14
908 3539 1008 3593 Mattlr.
1027 3541 1088 3603 5,8
1137 3539 1282 3594 ralcor.

129 3632 207 3690 1.21
265 3629 411 3685 2lICor.
434 3631 456 3698 1,
477 3631 510 3682 25

164 3739 182 3792 2
202 3738 333 3807 spiritalis
353 3754 366 3790 c
384 3742 409 3805 (c
428 3741 499 3804 cap.)
520 3740 667 3805 cognoscat
690 3735 717 3790 U
769 3737 785 3790 3
804 3735 896 3804 inquit
913 3752 964 3792 om.
984 3736 1012 3788 P
1081 3735 1160 3789 uobis
1179 3737 1211 3788 a'rr
1224 3736 1285 3805 fine

126 3847 155 3882 u.
176 3843 228 3880 ona
248 3826 275 3878 P
373 3827 389 3878 4
409 3825 521 3878 si-uon
542 3827 585 3878 est
603 3839 654 3876 om.
679 3821 734 3875 VU
831 3823 1034 3877 bamouitioue
1059 3823 1084 3875 V
1100 3823 1237 3877 amotione
1262 3823 1288 3878 U

126 3920 297 3972 Sesscom.
317 3915 351 3968 H
367 3930 425 3967 esse
444 3915 472 3966 in
492 3912 686 3967 ecclesiaedd.
760 3912 889 3966 {iestis
908 3913 964 3978 fine
980 3930 1008 3965 a.
1029 3928 1080 3966 om.
1104 3912 1131 3966 U
1203 3913 1237 3965 10
1256 3913 1284 3966 id

128 4008 184 4076 est]
206 4011 235 4060 et
257 4004 314 4059 VU
393 4005 427 4056 12
445 4003 510 4056 noui
529 4021 545 4055 n
566 4008 595 4068 (n
614 4009 684 4069 cap.)
706 4017 754 4054 uus
778 3998 803 4055 U
882 4003 914 4054 15
933 4002 1011 4055 nobis
1030 4003 1059 4054 iu
1078 4002 1131 4055 dne
1150 4019 1284 4054 summurn

127 4094 280 4167 praemium
303 4092 448 4148 THRVU
464 4091 523 4147 edd.
599 4090 631 4143 17
652 4089 685 4143 de
705 4107 756 4144 om.
781 4089 806 4141 T
891 4091 1037 4160 credimus]
1058 4094 1121 4144 suut
1144 4089 1286 4143 THRVl'

128 4214 164 4266 ‘20
185 4211 426 4274 demanicatos.
447 4226 480 4262 m.
502 4207 580 4276 a)V
634 4207 669 4259 22
689 4171 706 4275 <⁰1
726 4206 920 4276 sapientiorP
967 4207 1002 4260 23
1023 4210 1097 4260 certa
1115 4207 1210 4260 ualent
1224 4206 1285 4260 edd.

129 4298 360 4355 acin-modurn
380 4314 430 4351 om.
456 4296 482 4350 U
533 4297 568 4350 26
587 4292 708 4349 certaU
