3092 4959
281 353 345 417 386
640 354 666 407 S.
694 354 833 407 Aureli
861 356 1079 425 Augustini

279 552 391 630 posset
414 568 468 613 eos
497 550 628 632 eripere,
657 549 749 614 falsis
773 552 1042 633 promissionibus
1074 551 1275 630 ludebamur,
1309 556 1347 615 ut
1376 553 1430 616 illo

280 674 341 719 non
366 656 472 721 solum
493 656 585 737 quasi
609 657 736 721 uolente
762 658 820 722 sed
844 659 939 722 etiam
963 659 1102 723 instante
1121 676 1177 740 pro
1203 659 1249 723 eis
1274 659 1315 723 sd
1338 660 1430 724 corni-

280 766 383 827 tatum
408 762 579 846 episcopus
603 764 786 828 mitteretur
814 782 851 827 ea
882 764 1114 847 pollicitatione
1145 765 1338 848 interposita
1369 767 1431 849 epi·

280 869 462 951 scopalibus
486 870 626 947 auribus,
652 872 747 952 quod,
768 870 867 935 donec
892 871 1014 953 aliquid
1032 890 1088 955 pro
1113 872 1159 936 eis
1183 872 1252 936 illic
1275 878 1430 957 ageretur,

279 976 404 1041 nullum
433 994 547 1041 causae
578 978 707 1042 illorum
736 979 911 1062 agitaretur
944 998 1083 1044 eramen.
1124 983 1287 1061 postremo
1321 978 1461 1062 pridies
1532 957 1533 1028 l

280 1102 373 1165 quam
398 1083 577 1161 ferirentur,
603 1084 693 1148 uenit
715 1084 755 1148 ad
779 1103 837 1150 nos
861 1085 1058 1165 praestantia
1080 1089 1150 1161 tua;
1185 1104 1276 1168 spem
1306 1086 1430 1156 dedisti,

280 1190 406 1272 qualem
430 1209 605 1273 numquam
630 1194 722 1255 antea
746 1191 889 1266 dederas,
920 1193 1006 1273 quod
1037 1210 1091 1256 eos
1124 1192 1185 1256 tibi
1217 1198 1331 1275 posset
1362 1211 1430 1257 con·

280 1296 390 1361 cedere
408 1298 602 1377 profecturo,
622 1297 771 1380 quoniam
796 1298 846 1363 illi
869 1300 1011 1382 grauiter
1029 1298 1266 1382 prudenterque
1286 1298 1428 1367 dixisses.

280 1408 394 1482 totum,
433 1404 518 1486 quod
555 1408 661 1470 tecum
699 1409 766 1469 tam
809 1407 938 1471 assidue
977 1406 1166 1471 familiarius
1207 1409 1240 1469 et
1278 1406 1429 1493 secretins

279 1512 472 1593 loqueretur,
496 1531 557 1576 non
582 1514 614 1576 te
639 1512 787 1577 honorari
809 1514 918 1596 potius
943 1532 1039 1595 quam
1067 1514 1194 1597 graumi
1217 1516 1314 1596 atque
1338 1513 1376 1577 ad
1398 1511 1428 1575 id
1444 1538 1461 1571 s

279 1619 396 1695 ualere,
422 1622 458 1683 ut
485 1618 523 1682 de
557 1620 790 1684 communicato
825 1626 857 1685 et
888 1623 1080 1702 pertrectato
1113 1620 1196 1685 inter
1226 1640 1288 1687 uos
1320 1620 1427 1684 mortis

280 1744 387 1789 eorum
414 1726 547 1791 consilio
572 1744 665 1792 nemo
691 1727 863 1804 dubitaret,
893 1728 920 1791 si
953 1728 1009 1791 illa
1037 1730 1111 1810 post
1142 1727 1221 1791 baec
1250 1728 1359 1791 omnia
1384 1746 1427 1791 se-

280 1837 438 1914 queretur.
464 1852 543 1914 quae
564 1852 637 1898 cum
656 1838 688 1897 te
709 1832 826 1899 dixisse
845 1834 936 1899 nobis
957 1834 1223 1912 indica1·es,inter
1241 1833 1427 1899 narrandum

280 1940 420 2005 exiluisti
452 1959 631 2021 manusque
658 1941 791 2006 tondens
825 1942 857 2005 in
889 1960 963 2005 eum
995 1939 1113 2019 locum,
1142 1941 1199 2005 ubi
1232 1941 1427 2005 celebrantur

280 2052 476 2112 sacramenta
499 2047 653 2126 fidelium,
678 2049 884 2131 stupentibus
911 2048 1005 2113 nobis
1029 2049 1075 2112 ita
1101 2048 1217 2112 iurasti
1244 2054 1277 2112 te
1301 2050 1363 2113 ista
1385 2047 1426 2111 di·
1443 2068 1461 2105 s

278 2154 373 2233 aisse,
389 2160 499 2219 utnon
515 2158 621 2220 solum
640 2159 717 2219 tunc
731 2174 843 2220 uerum
859 2155 956 2219 etiam
971 2174 1054 2219 nune
1068 2159 1144 2237 post
1157 2158 1225 2219 tarn
1239 2154 1425 2219 horrendum

280 2266 312 2325 et
333 2262 532 2342 inopinatum
559 2262 687 2339 exitum,
713 2281 786 2326 oum
811 2266 884 2326 tuos
910 2280 1019 2325 omnes
1048 2264 1157 2326 motus
1186 2260 1304 2335 recolo,
1337 2260 1424 2325 nimis

279 2367 357 2429 mibi
380 2366 536 2449 inpudens
561 2368 680 2445 uidear,
705 2369 733 2433 si
757 2368 852 2433 dete
880 2367 1001 2449 aliquid
1030 2367 1107 2431 mali
1140 2368 1276 2432 credam.
1316 2368 1425 2450 quibus

279 2474 345 2537 tuis
369 2474 476 2539 uerbis
502 2476 548 2539 sic
573 2496 645 2539 eum
669 2479 851 2557 permotum
875 2476 978 2541 fuisse
1002 2477 1143 2552 dicebas
1166 2480 1205 2540 ut
1233 2496 1295 2540 non
1324 2476 1425 2557 despe-

279 2598 374 2655 rares
404 2580 488 2663 quod
521 2582 614 2644 uelut
645 2582 802 2646 familiare
835 2582 990 2646 rriaticum
1023 2582 1082 2646 tibi
1114 2602 1225 2646 eorum
1258 2583 1424 2647 donatums
1441 2606 1462 2640 s.

281 2690 366 2748 esset
389 2688 536 2751 salutem.

236 2788 254 2849 6
324 2791 414 2856 Unde
437 2793 539 2856 fateor
564 2792 726 2857 dilectioni
751 2796 836 2869 tuae,
861 2798 989 2877 postero
1020 2795 1081 2874 die,
1111 2814 1174 2877 quo
1207 2796 1298 2859 illius
1326 2799 1423 2877 partu-

280 2898 403 2963 ritionis
432 2899 571 2963 nefarius
600 2900 686 2964 fetus
721 2904 770 2964 est
803 2900 920 2974 editus,
955 2920 1029 2966 eum
1062 2906 1149 2967 esset
1179 2901 1272 2966 nobis
1305 2906 1425 2985 repente

280 3006 459 3069 nuntiatum
485 3006 557 3069 illos
582 3026 597 3068 e
623 3026 748 3071 carcere
772 3007 811 3070 ad
837 3028 910 3072 eum
933 3007 1073 3073 iudicem
1092 3010 1219 3087 ductos,
1239 3026 1423 3090 quamquam

280 3112 455 3193 perturbati
484 3113 650 3189 fuerimus,
679 3118 786 3177 tamen
820 3132 879 3197 ego
914 3115 1128 3193 considerans,
1161 3119 1195 3179 et
1227 3112 1422 3198 quae·nobis
1439 3136 1461 3175 a
1532 3187 1533 3226 1

279 3218 380 3300 pridie
405 3218 526 3283 dixeras
551 3221 583 3283 ct
602 3219 674 3302 quis
695 3222 782 3284 esset
799 3225 875 3302 post
892 3221 986 3285 illum
1005 3225 1170 3287 exorturus
1187 3221 1267 3298 dies,
1283 3219 1421 3304 quoniam

316 3497 329 3549 1
350 3496 532 3550 illudebamur
555 3496 582 3550 U
620 3499 636 3550 2
657 3500 735 3568 quasi
756 3500 881 3553 uolentes
901 3501 990 3568 (quasi
1009 3517 1026 3553 u
1045 3517 1079 3555 ex
1096 3516 1166 3555 corr.
1185 3518 1220 3558 m.
1239 3504 1266 3567 1)
1283 3502 1312 3555 P
1350 3505 1420 3557 ber·

280 3585 408 3638 citaretur
432 3585 486 3639 VU
503 3586 563 3638 edd.
620 3586 717 3640 doum
741 3587 797 3641 VU
813 3588 873 3641 edd,
930 3590 994 3642 9et
1012 3590 1154 3658 secretius]
1174 3590 1359 3659 secretiusque
1377 3585 1423 3639 ΥΕ

280 3674 339 3727 edd.
415 3674 448 3727 10
467 3674 640 3743 loqueremur
665 3675 794 3729 VUlsr
865 3677 1044 3730 honorarem
1115 3694 1276 3747 grauarem
1349 3678 1377 3731 ll
1396 3681 1420 3727 ut

280 3764 324 3833 de]
346 3763 416 3832 <quod
441 3762 493 3816 VU
513 3764 573 3817 cdd.
645 3764 677 3817 12
697 3766 720 3818 si
740 3765 799 3834 illa]
822 3766 887 3834 quid
911 3764 964 3819 VU
982 3764 1043 3819 edd.
1113 3766 1147 3819 14
1166 3766 1288 3822 exiluisti
1307 3784 1357 3820 orn.
1377 3761 1423 3817 VC

280 3853 339 3907 cdd.
467 3855 628 3923 manusque]
649 3870 765 3922 namque
790 3854 845 3908 VU
861 3854 921 3908 edd.
1033 3855 1066 3908 15
1089 3854 1186 3909 iurasti
1209 3858 1287 3920 (rasti
1310 3874 1344 3910 eu
1360 3871 1420 3909 corr.

279 3962 313 3997 m.
332 3947 357 4007 1)
378 3942 405 3995 P
448 3942 480 3996 17
502 3946 598 3996 stom.
623 3942 680 3997 VU
696 3943 756 3997 edd.
821 3948 905 3997 nutus
929 3942 1129 4012 VUedd.;cf.
1148 3961 1175 4012 p.
1198 3946 1308 4011 38:29
1344 3942 1419 3999 ludo

280 4048 306 4121 te
327 4048 513 4137 aliquamdi
534 4068 610 4134 (eici)
629 4068 657 4120 P
694 4069 726 4122 19
745 4072 850 4121 utnon
871 4067 1028 4137 desperares
1047 4082 1099 4121 orn.
1122 4066 1178 4121 VU
1193 4067 1254 4121 edd.
1291 4069 1327 4121 22
1343 4073 1420 4120 testor

284 4156 338 4211 VU
355 4158 415 4211 edd.
506 4157 540 4210 23
560 4157 659 4225 editus]
681 4163 755 4210 ortus
779 4158 835 4213 VU
851 4158 912 4212 edd
1018 4158 1052 4213 26
1071 4157 1169 4211 dixeris
1187 4157 1215 4210 P
1292 4157 1360 4227 quis]
1378 4154 1419 4223 qui

286 4245 341 4300 VU
356 4245 416 4299 edd.
