3092 4959
258 405 324 468 522
614 401 646 457 8,·
669 402 806 456 Aureli
834 400 1053 474 Augustini

255 596 351 661 dicta.
385 595 504 679 replico
533 614 607 681 ergo
642 597 701 661 tibi
730 596 862 662 eandem
896 598 1125 680 quaestionem,
1158 602 1205 673 ut,
1239 600 1309 665 siue
1341 600 1406 684 ipse

253 704 396 787 potueris
424 704 505 768 siue>
523 703 671 787 aliquem,
705 704 760 787 qui
788 704 901 787 possit,
933 704 1106 784 inueneris,
1135 706 1261 771 auferas
1289 706 1328 771 de
1353 708 1406 773 illa

253 813 350 901 atque
373 809 465 875 finias
489 809 719 875 dubitationem
747 829 864 876 meam.
893 810 1029 894 quodsi
1052 812 1139 894 prior
1161 814 1308 895 potuero,
1337 832 1405 879 cum

253 916 287 1007 id
310 917 478 981 donauerit
501 917 660 995 dominus,
683 916 807 999 tibique
829 916 981 1001 inpertire
1005 918 1146 998 ualuere,
1170 938 1231 984 non
1255 919 1406 985 fraudabo

253 1023 458 1089 dilectionem
478 1026 583 1101 tuam3
603 1043 686 1089 nunc
704 1028 823 1098 autem,
844 1044 924 1107 quae
938 1042 989 1089 me
1004 1025 1049 1090 ibi
1063 1030 1224 1105 moueant,
1241 1026 1406 1103 intimabo,
1433 1051 1443 1089 s

253 1134 290 1194 ut
314 1129 491 1195 secundnm
514 1131 592 1196 haec
616 1131 655 1195 ds
678 1131 744 1197 illis
769 1131 876 1196 uerbis
905 1130 1090 1213 apostolicis
1115 1131 1168 1195 uel
1191 1130 1263 1214 ipse
1286 1132 1407 1216 cogitas

252 1237 315 1313 arel,
341 1256 436 1319 quem
459 1236 608 1303 idoneum
632 1238 822 1322 reppereris,
846 1237 1004 1303 consulas.

206 1349 227 1411 2
298 1343 379 1422 Cum
417 1344 551 1409 dixisset
586 1342 750 1410 Christum
791 1343 1019 1410 mortificatum
1039 1352 1041 1357 '
1061 1363 1164 1419 carne,
1207 1344 1406 1411 uiuificatum

253 1450 380 1533 spiritu,
418 1452 567 1516 continuo
606 1450 745 1516 subiecit
777 1451 808 1515 in
843 1471 879 1516 eo
913 1452 983 1534 ipso
1022 1452 1237 1535 spiritibus,
1277 1453 1342 1535 qui
1373 1452 1405 1515 in

252 1576 403 1623 carcere
451 1562 555 1623 erant
602 1559 787 1635 conclusi,
834 1558 1058 1623 aduenientem
1100 1558 1315 1643 praedicasse,
1346 1554 1443 1641 quia

252 1664 418 1746 spiritus
437 1665 643 1747 aliquando
663 1665 853 1730 increduli
872 1665 1025 1729 fueraut
1041 1666 1077 1729 iu
1098 1665 1243 1743 diebus,
1270 1664 1404 1748 quibus

251 1770 373 1836 adhuc
403 1773 627 1854 expectabat
655 1772 714 1837 dei
742 1772 940 1854 patientia,
974 1772 1010 1835 in
1039 1771 1174 1837 diebus
1201 1771 1292 1849 Noe,
1326 1792 1403 1839 curn

250 1877 504 1943 fabricaretur
537 1898 631 1955 arca,
664 1879 700 1943 in
729 1898 803 1962 qua
828 1878 950 1962 pauci,
983 1877 1020 1942 id
1053 1881 1112 1943 est
1143 1882 1229 1944 octo
1263 1880 1403 1943 animae

250 1985 380 2049 saluae
408 1986 533 2050 factae
563 1988 650 2051 suut
678 2005 744 2069 per
771 2005 914 2067 equam.
949 1985 1060 2050 deiude
1090 1985 1256 2050 subiunxit
1284 1990 1317 2051 et
1345 1986 1402 2057 ait:

250 2090 357 2171 Quod
376 2096 413 2156 et
431 2110 499 2157 uos
518 2111 614 2157 nunc
639 2091 759 2157 simili
784 2093 903 2157 forma
926 2092 1121 2175 baptisma
1144 2091 1276 2157 saluos
1300 2092 1400 2158 fecit
1419 2120 1438 2159 ιε

250 2201 361 2263 mouet
382 2198 502 2280 itaque,
531 2199 560 2263 si
582 2198 665 2281 apud
690 2199 810 2263 inferos
835 2197 993 2277 dominus,
1022 2197 1146 2280 quando
1175 2202 1322 2263 mortuus
1346 2200 1401 2274 ost,

252 2304 281 2367 in
316 2323 439 2370 carcere
473 2306 632 2369 conclusis
670 2304 837 2387 spiritibus
875 2304 1082 2387 praedicauit,
1121 2304 1196 2386 quid
1233 2304 1310 2369 boni
1345 2304 1400 2369 soli

250 2411 434 2489 meruerint,
464 2412 519 2495 qui
547 2415 624 2476 tuuc
651 2410 796 2476 infideles
825 2412 963 2489 fuerunt,
993 2429 1065 2476 oum
1092 2410 1302 2476 fabricaretur
1324 2428 1399 2475 arca

341 2670 481 2725 elaea.
501 2672 527 2739 3,
549 2674 650 2727 18-21

288 2798 300 2850 1
323 2796 425 2865 replica
442 2796 471 2849 P
559 2797 611 2851 tibi
631 2797 745 2851 eandem
766 2813 830 2867 ergo
853 2796 878 2851 G
970 2797 1039 2863 sine]
1058 2798 1082 2850 si
1100 2796 1128 2850 P
1198 2796 1216 2849 2
1237 2798 1342 2851 auferes
1360 2796 1400 2853 dee

250 2888 273 2952 <i
292 2890 373 2951 eras.)
393 2885 419 2938 P
473 2884 674 2940 3definiasM
726 2886 894 2956 ‹liupertire
916 2886 940 2939 G
960 2885 1100 2956 impertire
1119 2886 1152 2939 N
1167 2885 1292 2955 inpertiri
1312 2888 1337 2939 Α
1356 2888 1400 2940 isn-

251 2975 348 3043 partiri
367 2974 395 3027 P
412 2974 472 3028 edd.
546 2974 693 3028 fraudabor
711 2974 739 3027 P
827 2976 843 3027 9
863 2976 890 3027 in
910 2972 1081 3043 eo—adhuc]
1100 2975 1175 3029 bunc
1194 2974 1285 3029 locum
1303 2974 1331 3029 P
1346 2972 1400 3027 edd.

250 3080 301 3118 sec.
320 3079 392 3117 sacr.
413 3064 466 3117 litt.
485 3063 529 3117 ita
547 3062 664 3117 babent:
682 3063 710 3117 in
730 3080 784 3132 quo
805 3067 833 3116 et
851 3062 894 3117 his
914 3063 1076 3131 (iisflrm)
1098 3064 1191 3133 quiin
1211 3080 1317 3118 carcme
1332 3071 1402 3118 erant

251 3152 372 3206 conclusi
395 3152 537 3221 spiritibus
568 3140 712 3221 (spiritalit
734 3153 770 3217 P)
794 3153 906 3206 ueniens
931 3151 1100 3221 praedicauit
1119 3152 1313 3221 (praedicasse,
1335 3154 1402 3207 Μ

251 3240 422 3311 praedicauit
444 3240 480 3307 P)
504 3242 550 3309 qui
573 3240 707 3295 increduli
730 3241 842 3295 fuerunt
865 3242 985 3305 (fuerant
1009 3257 1050 3295 ae
1072 3257 1122 3295 sec.
1148 3240 1238 3311 γνῷ.)
1260 3239 1401 3311 aliquando

251 3330 359 3400 qnando
433 3329 585 3399 spiritibus,
604 3346 639 3382 m.
659 3333 678 3383 2
696 3346 785 3399 sscpra
802 3330 816 3383 l
834 3336 884 3399 spu
903 3330 946 3383 his
969 3330 994 3383 G
1047 3331 1080 3385 10
1099 3346 1214 3393 carcere,
1234 3347 1269 3383 m.
1290 3334 1310 3383 2
1328 3330 1402 3385 alibi:

251 3438 332 3475 carue
348 3420 374 3475 G
412 3420 443 3473 ll
461 3418 609 3472 lucrantia
624 3418 732 3489 diebus]
752 3418 862 3473 fuerant
876 3434 936 3473 cum
951 3426 1120 3473 sustentaret
1133 3420 1161 3472 in
1177 3418 1275 3473 diebus
1289 3418 1403 3473 MFAG

252 3511 295 3576 (in
308 3526 393 3578 marp.
411 3527 447 3564 m.
464 3512 483 3562 2
501 3508 580 3562 alibi:
601 3526 661 3562 cum
681 3510 843 3578 expectabat
862 3509 906 3563 dei
925 3491 1042 3579 patient)
1062 3507 1093 3561 N
1170 3508 1203 3561 12
1223 3509 1403 3578 exspectabat.

251 3616 286 3654 m.
307 3603 327 3653 2
345 3588 520 3669 exspectabat
537 3598 574 3652 Μ
592 3600 774 3667 expectabant
792 3616 834 3653 oe
929 3599 1091 3668 patientiam
1109 3597 1194 3652 ΕΑΘ
1213 3602 1249 3665 (m
1271 3602 1353 3666 erne.)
1367 3614 1405 3651 ne

253 3691 287 3743 14
305 3689 381 3742 salue
400 3689 443 3742 dab
463 3686 487 3740 0
541 3688 574 3741 15
593 3688 690 3741 similis
710 3688 796 3742 forma
814 3687 945 3757 baptismi
964 3688 1055 3740 saluos
1074 3686 1142 3741 facit
1159 3686 1188 3739 P
1204 3687 1302 3740 similis
1322 3688 1405 3741 fonus

251 3778 344 3832 saluos
366 3778 435 3831 facit
456 3775 594 3846 baptisma
616 3778 644 3829 A
666 3793 717 3830 aec.
739 3792 811 3831 sacr.
836 3778 887 3831 litt.
997 3776 1071 3837 fecit
1095 3792 1129 3829 m.
1154 3780 1170 3829 1
1193 3790 1262 3829 corr.
1287 3776 1356 3831 facit
1372 3774 1408 3829 Π

254 3870 287 3923 16
305 3884 394 3929 moue,
412 3884 447 3920 m.
467 3871 483 3919 1
501 3880 571 3920 corr.
589 3870 683 3919 mouet
701 3866 737 3919 Μ
753 3864 908 3919 moueatC
961 3864 994 3918 11
1014 3865 1179 3919 inanescere
1197 3864 1229 3918 F
1243 3865 1271 3918 in
1292 3880 1404 3919 cursem.

251 3973 288 4012 m.
308 3960 433 4025 2suprc
451 3972 531 4010 carne
552 3955 579 4010 G
643 3955 678 4024 qd
697 3959 742 4021 (=
762 3953 846 4023 quod)
865 3954 893 4007 P
954 3953 1033 4007 bonis
1052 3954 1079 4006 A
1127 3954 1159 4009 18
1172 3958 1239 4021 posi
1257 3954 1405 4007 meruerint

252 4060 346 4099 omnes
364 4043 442 4099 codd.
459 4048 573 4112 praeter
589 4060 678 4097 unum
699 4042 723 4097 0
739 4048 765 4096 et
783 4042 844 4096 edd
864 4044 932 4111 aes
946 4040 1049 4096 bobert
1067 4040 1163 4104 lemen,
1179 4042 1229 4109 qui
1241 4057 1276 4097 ex
1290 4058 1321 4111 p.
1339 4044 1404 4099 526.

252 4136 401 4199 24-527,
412 4136 432 4186 8
445 4133 499 4187 buc
510 4132 667 4187 &mouile
680 4135 712 4186 ut
725 4131 851 4186 dominus
865 4132 894 4185 in
907 4130 1013 4185 infensa
1027 4129 1204 4185 descenderet
1218 4130 1293 4185 etde
1308 4132 1403 4185 istis-

254 4222 421 4291 perbibetur.
445 4222 582 4275 decentet
603 4238 664 4275 mm
688 4221 755 4275 lrm
778 4220 890 4275 reontio
911 4220 1004 4275 uerbis
1025 4224 1058 4273 ut
1083 4218 1207 4273 dominus
1236 4218 1272 4273 ad
1300 4221 1404 4275 inferna

253 4309 440 4375 descenderet,
459 4326 531 4378 poce
548 4310 607 4366 sod.
629 4311 777 4365 Caecatus
795 4311 856 4363 itera
877 4310 984 4381 explosi
