3092 4959
551 384 818 454 epistularum
846 383 922 440 CXL.
1246 390 1312 454 229

158 580 298 664 nuptiae,
331 599 412 662 quae
439 583 642 663 praeparatae
671 581 768 658 erant,
798 581 859 644 boc
893 583 942 645 est
969 598 1050 662 quae
1078 599 1187 646 ueram
1215 580 1311 646 fidem

156 705 329 769 ueramque
356 686 509 770 pietatem
538 687 631 752 corde
658 686 837 772 gestabant,
867 703 931 769 qua
962 690 1094 770 possent
1126 692 1310 772 contempe-

157 795 221 858 rari
257 812 387 858 numero
425 793 634 876 societatique
672 796 850 858 sanctorum
888 811 950 857 non
986 793 1019 856 in
1056 813 1091 858 se
1131 794 1212 878 ipsis
1254 795 1310 858 sed

156 901 190 964 in
220 899 347 964 domino
376 899 591 984 gloriantium,
620 902 658 963 ut
685 899 841 964 intrarent
869 918 940 964 cnm
970 900 1017 963 eis
1045 899 1126 965 illud
1148 900 1312 985 gaudium,

124 1007 198 1071 ede
227 1024 289 1090 quo
319 1005 449 1070 dicitnr:
483 1007 587 1070 Intra
618 1007 654 1070 in
688 1005 868 1090 gaudium
901 1005 1042 1070 domini
1071 1007 1138 1085 tui,
1166 1007 1223 1072 nbi
1251 1008 1312 1072 erit

156 1113 299 1196 perfecta
325 1113 526 1196 participatio
555 1112 827 1177 incommutabilis
856 1112 939 1191 boni,
969 1113 1062 1178 onius
1095 1114 1188 1178 modo
1221 1115 1312 1178 uelut

158 1237 228 1284 arra
256 1219 409 1301 quaedam
437 1218 615 1300 perfidem
642 1223 779 1295 tenetur,
804 1221 839 1283 ut
863 1218 1038 1284 secundnm
1067 1221 1148 1284 hano
1177 1221 1311 1305 gratiam

157 1327 320 1402 uiuamus,
343 1325 375 1390 in
399 1329 554 1407 quantum
578 1325 636 1389 deo
660 1344 722 1389 non
745 1324 837 1389 nobis
861 1324 1014 1392 uiuimus.

0 1423 109 1486 {XV
204 1431 338 1496 Proinde
363 1430 447 1514 quod
472 1431 629 1514 sequitur:
654 1429 875 1495 Nouissime
896 1431 1058 1495 ueniunt
1081 1436 1118 1496 et
1140 1432 1310 1516 reliquae

19 1531 59 1594 81
108 1565 137 1604 ro
158 1539 330 1623 uirgines
355 1538 541 1602 dieentes:
571 1538 737 1614 Domine,
771 1536 929 1614 domine,
963 1538 1066 1621 aperi
1095 1538 1215 1618 nobis,
1247 1559 1309 1603 non

157 1646 279 1711 dietum
304 1648 354 1709 est
377 1663 429 1708 eas
453 1644 569 1710 emisse
594 1645 699 1709 oleum
724 1644 826 1709 etsie
850 1645 988 1724 uenisse,
1012 1663 1115 1726 neque
1139 1645 1222 1710 enim
1246 1647 1310 1710 iam

157 1756 227 1818 erat
251 1752 342 1829 unde,
363 1751 420 1816 sed
442 1751 691 1816 misericordiam
717 1770 787 1816 sero
812 1751 987 1834 quaesisse,
1008 1770 1081 1816 cum
1099 1752 1162 1815 iam
1181 1755 1309 1836 tempus

154 1859 320 1924 indicandi
348 1861 433 1924 esset
460 1865 491 1922 et
517 1859 633 1942 probos
661 1878 680 1922 a
707 1858 849 1940 reprobis
877 1857 1052 1941 separandi.
1083 1863 1169 1923 recte
1202 1863 1309 1923 autem

155 1965 224 2029 illie
243 1963 465 2046 respondetur:
484 1965 598 2029 Amen
619 1965 702 2030 dico
720 1964 843 2042 nobis,
867 1964 995 2029 nescio
1015 1984 1099 2040 uos3
1118 1965 1173 2029 ille
1193 1965 1310 2048 quippe

109 2095 137 2138 ιε
156 2072 218 2137 hoc
243 2071 331 2149 dicit,
350 2091 443 2152 quem
467 2091 528 2136 non
553 2073 633 2136 latet
657 2071 786 2154 aliquid.
810 2071 880 2135 sed:
905 2068 1042 2136 Nescio
1066 2091 1134 2136 uos
1157 2072 1238 2137 nihil
1261 2074 1310 2136 est

157 2179 247 2242 alind
279 2198 389 2261 qnam:
421 2179 561 2244 Nescitis
594 2199 656 2258 me,
690 2178 814 2261 quando
849 2178 886 2244 de
919 2179 1011 2244 uobis
1043 2179 1151 2262 potins
1189 2180 1309 2263 eligitis

157 2285 314 2350 confidere
338 2305 431 2368 quam
457 2286 495 2350 de
519 2306 578 2352 me.
602 2305 676 2351 cum
700 2287 784 2350 enim
808 2285 935 2363 dieitur,
955 2284 1040 2368 qnod
1062 2305 1120 2352 nos
1144 2287 1309 2370 cognoscit

157 2391 249 2470 deus,
269 2393 481 2477 cognitionem
505 2394 555 2458 sui
579 2393 670 2458 nobie
693 2396 843 2474 praestat,
866 2396 905 2457 ut
926 2411 981 2475 per
1003 2392 1064 2458 hoc
1081 2392 1308 2477 intellegamus

155 2519 195 2564 ne
229 2500 290 2564 hoc
322 2499 449 2582 quidem
487 2499 578 2566 nobis
616 2519 685 2564 esse
723 2500 937 2578 tribuendum,
971 2499 1055 2582 quod
1091 2519 1149 2564 nos
1187 2500 1308 2564 scimus

105 2633 135 2672 so
155 2606 263 2682 deum,
279 2606 334 2670 sed
350 2625 419 2671 eam
435 2625 560 2689 quoque
575 2606 738 2670 scientiam
760 2606 846 2671 illins
866 2605 1100 2670 misericordiae
1117 2605 1308 2671 tribuamus.

154 2713 252 2791 nnde,
286 2731 357 2777 eum
391 2710 526 2794 quodam
560 2713 630 2778 loco
669 2713 833 2796 apostolus
870 2712 1002 2776 diceret:
1039 2712 1145 2776 Nunc
1182 2716 1306 2778 autem

155 2821 433 2902 cognoscentes
472 2818 589 2897 deum,
622 2819 758 2885 correxit
790 2821 823 2882 et
860 2818 919 2882 eit:
956 2818 1071 2883 Immo
1111 2819 1256 2903 cogniti
1290 2839 1309 2882 a

154 2925 224 2989 deo
258 2925 334 3006 quid
366 2925 455 2989 aliud
487 2924 598 2990 nolens
630 2925 787 3010 intellegi,
816 2924 877 2989 nisi
906 2923 989 3006 qnod
1019 2943 1073 2989 eos
1100 2925 1170 3007 ipse
1197 2924 1308 2990 fecerit

153 3032 335 3115 cognitores
355 3035 453 3097 suos?
472 3051 564 3096 nemo
580 3035 687 3097 autem
702 3031 868 3116 cognoscit
882 3031 988 3110 deum,
1002 3031 1065 3096 nisi
1080 3031 1133 3114 qni
1147 3031 1308 3115 intellegit

244 3309 377 3363 eristen.
397 3309 440 3373 25,
460 3310 507 3374 213
526 3310 561 3364 23
616 3311 645 3376 9;
667 3312 700 3364 14
719 3310 817 3364 Matth.
837 3311 879 3374 25,
901 3311 1007 3364 11-12
1062 3311 1097 3365 21
1117 3310 1176 3367 Gal.
1196 3313 1222 3375 4,
1240 3311 1257 3366 9

190 3489 204 3540 1
226 3489 337 3554 paratae
355 3485 413 3541 ΒΤ
430 3488 475 3550 (m.
494 3491 526 3540 est
543 3485 602 3542 uid.
622 3489 638 3538 1
658 3503 726 3542 corr.
745 3488 888 3556 pparatse)
906 3486 1000 3554 firm
1018 3503 1069 3542 seo.
1093 3486 1172 3557 Vulp.
1233 3487 1306 3557 quod

149 3574 236 3630 LOR
253 3579 298 3643 (m.
318 3579 334 3627 1
351 3591 419 3630 corr.
440 3575 518 3644 qnae)
609 3575 626 3628 2
645 3576 773 3644 gestabat
792 3577 857 3646 qnia
874 3576 902 3629 L
1006 3579 1219 3645 contemperare,
1236 3593 1272 3634 m.
1291 3581 1308 3629 1

150 3663 189 3733 (?)
210 3679 279 3718 corr.
299 3663 535 3732 contemperariL
589 3663 751 3718 3soeietsti
771 3668 799 3718 et
817 3681 928 3719 numero
950 3664 1006 3719 GT
1053 3664 1305 3734 lillud]ini11ud

149 3753 214 3808 eod.
251 3751 768 3821 obon0,m.1sopraaod.boni0
810 3754 843 3807 13
862 3794 941 3810 .....
953 3754 1002 3808 bos
1021 3771 1038 3807 a
1055 3754 1177 3823 reprobis
1198 3756 1238 3822 (et
1256 3770 1304 3823 pro

148 3843 265 3896 omnore
282 3841 452 3910 corr-reptem)
474 3840 543 3895 Oet
565 3841 696 3911 probrosa
718 3844 802 3909 (post.
820 3859 835 3895 r
853 3846 924 3911 esp.)
943 3842 1065 3912 reprobis
1089 3844 1166 3909 (onte
1183 3842 1305 3911 reprobis

147 3948 171 3985 s.
190 3947 221 3985 se.
239 3946 274 3982 m.
293 3933 309 3981 1
327 3929 393 3983 odd.
413 3935 439 3997 a)
463 3927 488 3982 Τ
506 3934 534 3983 et
555 3929 655 3999 probos
679 3933 708 3982 et
728 3930 862 4000 reprobis,
879 3948 936 3988 roe.
956 3935 985 3985 et
1008 3930 1088 4000 probi
1107 3935 1135 3984 et
1153 3931 1260 4001 reprobi
1278 3931 1304 3983 L

187 4021 280 4072 antem
299 4033 350 4072 om.
373 4017 399 4071 Τ
455 4018 487 4072 14
505 4035 582 4072 amen
602 4019 644 4072 bis
666 4018 691 4070 T
762 4021 823 4089 nos]
844 4020 922 4073 nobis
941 4019 968 4073 L
1039 4019 1128 4073 illiT
1178 4021 1210 4073 15
1229 4019 1305 4074 aliud

149 4111 195 4162 est
213 4105 274 4161 edd.
367 4107 399 4160 16
418 4123 461 4160 me
481 4122 532 4160 om.
555 4107 581 4159 Y
652 4107 760 4177 elegitis
779 4107 807 4161 L
825 4108 949 4176 elegistis
970 4108 1026 4163 GT
1117 4108 1149 4161 17
1169 4108 1235 4162 deus
1253 4125 1303 4162 nos

149 4196 293 4266 cognoscit
311 4195 377 4249 deus
395 4195 429 4250 N
499 4197 532 4250 18
551 4196 602 4266 sui]
623 4196 657 4250 sii
675 4196 701 4249 L
773 4198 807 4250 21
827 4197 887 4251 loco
907 4197 1025 4266 quodam
1043 4197 1076 4250 N
1144 4197 1179 4251 23
1198 4197 1303 4260 uolens,

148 4302 186 4338 m.
207 4283 334 4338 2noluit
355 4284 381 4338 T
452 4284 523 4354 quod
542 4285 601 4355 ipse
620 4284 686 4339 fecit
709 4285 734 4337 Τ
787 4285 823 4338 24
842 4289 989 4356 cognoscet
1012 4286 1037 4338 T
