3092 4959
265 320 328 383 736
424 318 451 372 S.
479 317 617 371 Aureli
646 318 867 386 Augustini
896 318 1011 389 epist.
1040 316 1198 373 CLXXXIV
1217 271 1273 371 A..

263 512 405 590 credunt,
424 514 531 577 nescio
550 517 658 578 utrum
673 532 776 579 sermo
797 514 840 579 sit
857 514 1021 580 habendus
1042 513 1080 578 de
1099 514 1206 596 aliqua
1225 516 1417 603 quaestione

262 619 401 701 pietatis,
424 620 572 702 quamuis
594 639 656 684 uon
679 622 744 685 fere
768 621 936 702 quisquam
959 621 1078 686 nestris
1101 621 1299 704 temporibus
1326 640 1420 704 repe-

262 726 363 790 riatur
384 725 432 790 ita
454 727 613 805 stultns,
632 727 689 809 qui
708 727 762 791 uel
780 726 818 791 iu
835 727 947 791 corde
972 746 1040 792 sue
1060 726 1163 792 dicere
1182 726 1313 791 audeat:
1334 726 1419 791 Neu

264 838 322 897 est
353 833 455 898 dens.
488 833 537 897 illi
569 836 675 898 autem
708 833 763 897 alii
792 834 883 899 stulti
916 853 977 899 non
1006 834 1132 911 desunt,
1167 834 1222 917 qni
1252 830 1419 899 dixerunt:

264 937 343 1003 Non
371 937 520 1002 uidebit
548 938 732 1015 domiuus,
761 938 794 1002 id
823 942 874 1003 est
899 939 1135 1023 prouidentiam
1163 956 1254 1003 suam
1280 940 1310 1003 iu
1336 940 1420 1004 baec
1453 960 1467 995 ⁵

265 1052 388 1111 terrena
415 1065 476 1111 nun
502 1047 616 1111 tendit.
643 1065 756 1111 uerum
784 1047 944 1111 tamenin
968 1046 1018 1111 bis
1042 1046 1144 1123 libris,
1174 1066 1254 1128 ques
1278 1048 1356 1111 uelo
1382 1055 1422 1109 ut

264 1153 352 1237 legat
380 1153 494 1217 caritas
522 1156 639 1231 utestra
673 1153 748 1217 dum
782 1152 940 1217 adseritur
971 1153 1086 1217 ciuitas
1119 1153 1180 1229 dei,
1214 1171 1276 1217 ncn
1291 1153 1419 1231 *seclum

266 1278 336 1325 cese
365 1261 471 1336 deum,
499 1260 585 1343 qucd
611 1263 724 1325 natura
751 1260 884 1325 insitum
912 1259 966 1325 uix
998 1258 1065 1324 ulla
1091 1278 1245 1342 umquam
1281 1259 1421 1343 ettirpat

265 1367 424 1450 impietas,
453 1367 509 1431 sed
533 1368 629 1431 etiam
651 1386 756 1432 rerum
782 1368 990 1433 humanarum
1015 1386 1124 1432 curum
1151 1384 1258 1450 gerere
1283 1366 1420 1461 abipsa
1528 1442 1529 1455 χ

264 1473 468 1538 institutione
482 1474 648 1538 hominum
661 1492 764 1556 usque
778 1474 818 1537 ad
832 1473 1057 1539 beatificandus
1072 1473 1177 1538 iustos
1197 1492 1271 1536 cum
1292 1468 1418 1557 augelis
1439 1492 1466 1531 ιο

266 1580 386 1643 sanctis
414 1583 447 1644 et
474 1580 668 1645 damnandos
695 1580 813 1663 impius
842 1599 913 1645 cum
942 1580 1063 1664 augelis
1091 1580 1252 1662 malignis,
1284 1580 1311 1642 si
1338 1578 1417 1643 deus

265 1686 406 1751 uoluerit
428 1689 462 1750 et
483 1686 600 1768 quibus
625 1687 774 1765 uoluerit,
799 1685 950 1751 credibile
974 1686 1038 1752 fiet.

224 1790 241 1853 7
310 1792 382 1857 Non
399 1793 508 1875 itaque
525 1769 661 1857 ulterius
682 1793 838 1858 oneranda
857 1796 906 1857 cst
928 1794 1007 1857 haec
1031 1792 1179 1876 epistula,
1203 1790 1411 1859 dilectissimi.

268 1900 323 1964 ubi
342 1900 425 1965 enim
445 1900 579 1983 speretis
596 1919 654 1986 per
671 1899 885 1964 ministerium
904 1902 1049 1964 uestrum
1067 1916 1173 1979 nesse,
1199 1896 1285 1981 quod
1306 1898 1419 1975 uultis,

268 2008 346 2071 satis
370 2006 506 2071 diximus
526 2010 559 2071 et
582 2006 710 2071 eosdem
734 2006 843 2086 libres,
867 2007 895 2071 ei
918 2005 1057 2071 nendum
1080 2004 1218 2083 habetis,
1243 2008 1281 2069 ut
1303 2004 1420 2067 babere
1441 2026 1465 2063 rs

266 2113 411 2197 possitis,
438 2132 495 2195 per
522 2117 669 2179 sanctum
691 2113 821 2177 fratrem
850 2115 883 2178 et
910 2112 1188 2195 conpresbyterum
1216 2128 1325 2174 meum
1353 2110 1440 2173 lta.
1467 2160 1482 2187 s.

269 2239 368 2298 mum,
392 2220 694 2302 quibusmultum
719 2217 827 2303 diligit
848 2220 1004 2301 nobisque
1027 2216 1207 2303 diligendus
1232 2216 1416 2300 diligentius
1457 2296 1459 2298 Ι

268 2326 441 2403 intimuit,
459 2329 497 2390 ut
510 2329 637 2390 uestrae
651 2328 782 2390 mutuae
797 2325 962 2390 dilectioni
977 2326 1102 2409 gratias,
1112 2328 1198 2409 agat,
1218 2342 1274 2405 pru
1292 2306 1412 2387 nostiae

268 2432 435 2498 tenuitatis
458 2433 611 2498 facultate
635 2432 828 2497 curauimus.

261 2616 265 2697 ζ
360 2637 440 2692 ans.
461 2638 538 2700 13‚1
594 2638 772 2705 succan

305 2780 322 2833 2
341 2778 398 2833 fere
411 2785 499 2848 postr.
521 2780 538 2833 l.
557 2779 590 2833 ia
606 2795 664 2833 rae.
684 2783 704 2833 2
722 2781 740 2836 t.
760 2784 805 2844 (na.
826 2786 840 2832 1
860 2778 885 2847 ?)
906 2778 932 2835 G
1031 2781 1048 2833 4
1068 2767 1156 2833 direft
1177 2778 1203 2832 G
1222 2776 1343 2831 dixerint
1363 2776 1424 2831 edd

270 2868 587 2932 thecaedeinrur.
607 2866 780 2937 (m.1?)G
871 2868 1009 2923 induerit
1026 2868 1140 2939 stirpata
1158 2882 1241 2935 super
1260 2872 1378 2946 t-erusu
1400 2866 1425 2918 (ι’

271 2956 374 3012 adserit
392 2958 452 3014 edd.
509 2959 541 3012 17
562 2958 785 3027 diligendorum.
805 2958 895 3029 Me'pu.
947 2960 979 3014 19
997 2958 1119 3029 Explicit
1137 2954 1255 3027 epistula
1274 2942 1314 3008 sci
1336 2970 1426 3023 eugu-

271 3045 338 3099 stini
357 3044 392 3098 ad
410 3049 490 3115 petru
509 3047 538 3099 et
554 3044 703 3099 habraham
726 3045 751 3100 G
