3092 4959
520 391 787 459 epistularum
815 389 930 444 CXLIX.
1239 397 1303 459 369

146 588 334 668 sequuntur,
360 588 526 666 quousque
551 585 610 648 tibi
634 586 770 649 obscura
794 604 864 649 esse
890 586 1008 664 dixisti,
1032 596 1090 652 nec
1115 607 1175 671 ego
1200 587 1304 651 adhuc

147 693 216 756 sine
249 692 383 775 caligine
421 692 584 776 intellego.
619 695 714 774 atque
747 694 871 756 utinam
904 712 1054 775 praesens
1084 694 1122 759 de
1158 715 1207 758 me
1240 696 1304 759 ista

147 800 343 880 quaesisses!
382 800 414 862 in
448 818 484 863 eo
519 799 636 881 quippe
671 818 780 876 sensu,
815 818 911 881 quem
939 801 1017 865 mibi
1050 803 1082 866 in
1115 801 1166 866 bis
1197 802 1302 867 uerbis

146 906 261 970 habere
285 906 406 983 uideor,
432 905 609 969 adhibenda
634 908 683 968 est
707 904 863 987 quaedam
893 906 1108 988 pronuntiatio
1141 908 1174 970 in
1207 908 1303 971 uultu

115 1018 180 1077 set
203 1013 296 1077 modo
322 1014 423 1090 nocie,
450 1012 504 1094 qui
529 1012 660 1095 exprimi
684 1012 804 1077 litteris
827 1032 888 1077 non
913 1018 1030 1095 potest,
1065 1018 1103 1078 nt
1131 1034 1167 1079 er
1196 1015 1304 1097 aliquo

146 1122 237 1202 parte
261 1120 432 1203 aperiatur,
454 1118 538 1202 quod
561 1119 633 1183 ideo
657 1120 693 1183 fit
718 1120 898 1198 obscurius,
919 1121 1075 1203 quianon
1099 1125 1197 1199 reete,
1218 1122 1305 1187 sicut

147 1227 304 1306 existimo,
337 1226 570 1309 pronuntietur.
604 1227 688 1309 quod
722 1228 806 1291 enim
836 1228 991 1309 scriptum
1025 1233 1091 1293 est:
1121 1228 1176 1294 Ne
1209 1230 1304 1293 teti-

148 1332 308 1417 geritis,
332 1352 377 1397 ne
408 1333 701 1416 gustaueritis,
731 1352 777 1397 ne
811 1333 1191 1412 adtaminaueritis,
1224 1340 1303 1399 tam-

147 1460 243 1523 quam
261 1441 466 1521 praeceptum
481 1443 615 1522 putatur
629 1439 768 1522 apostoli
786 1441 892 1506 nescio
908 1441 985 1523 quid
1003 1445 1145 1527 tangere,
1161 1447 1303 1526 gustare,

104 1574 128 1611 rc
148 1547 343 1611 adtaminare
366 1546 575 1628 prohibentis.
599 1550 709 1611 contra
732 1550 783 1611 est
806 1552 925 1625 antem,
950 1549 978 1613 si
1012 1554 1119 1613 tamen
1148 1550 1180 1613 in
1214 1553 1302 1613 tante

146 1654 211 1717 ista
230 1654 424 1718 obscuritate
449 1673 509 1729 non
533 1653 633 1717 fallor.
657 1672 713 1735 per
736 1652 920 1719 inrisionem
941 1655 1057 1738 quippe
1077 1657 1175 1721 uerba
1194 1657 1304 1739 posuit

147 1778 269 1837 eorum,
294 1780 312 1824 a
335 1760 452 1843 quibus
485 1780 540 1825 eos
574 1760 703 1825 nolebat
735 1762 839 1843 decipi
872 1766 968 1844 atque
997 1764 1119 1841 seduci,
1152 1767 1207 1847 qui
1241 1765 1300 1829 dis·

147 1870 312 1931 cernentes
336 1867 424 1931 cibos
449 1868 623 1932 secundum
654 1869 813 1932 culturam
838 1869 1024 1952 angelorum
1058 1874 1154 1953 atque
1186 1872 1232 1935 ite
1265 1872 1303 1935 de

147 1974 208 2037 hoc
231 1973 350 2037 mundo
375 1974 579 2039 decernentes
605 1974 728 2040 dicunt:
763 1974 817 2039 Ne
847 1976 1057 2059 tetigeris,
1087 1998 1133 2041 ne
1168 1982 1303 2062 guste-

100 2079 270 2158 reueris,
307 2100 351 2143 ne
394 2080 729 2159 adtaminaueris,
769 2102 842 2146 oum
880 2083 945 2146 sint
987 2085 1118 2147 omnia
1156 2085 1303 2148 munda

146 2186 307 2251 mundis
333 2192 365 2251 et
389 2190 517 2253 omnis
543 2193 731 2254 creature
755 2189 820 2253 dei
843 2190 945 2254 bona
969 2190 1022 2267 sit,
1043 2191 1129 2272 quod
1147 2191 1209 2254 alio
1230 2192 1301 2255 loco

148 2292 315 2357 euidenter
337 2295 406 2375 ipse
431 2296 640 2359 commendet.

54 2400 97 2463 24
193 2400 306 2464 Totam
332 2420 406 2485 ergo
430 2403 533 2484 ipsius
558 2402 734 2467 sententiae
755 2403 1029 2467 circumstantiam
1048 2404 1231 2478 uideamus,
1257 2406 1301 2470 ila

147 2506 233 2571 enim
266 2508 404 2590 apostoli
439 2508 615 2573 intentione
653 2514 822 2591 perspecta
859 2529 989 2574 sensum
1027 2510 1108 2584 eius,
1146 2515 1300 2591 quantum

99 2640 129 2682 so
148 2615 307 2691 ualemus,
322 2615 458 2679 fortasse
473 2616 664 2680 tenebimus.
689 2616 806 2697 quibus
822 2618 906 2680 enim
920 2618 984 2681 ista
999 2618 1122 2694 scribit,
1137 2619 1301 2682 metuebat

148 2740 204 2786 eos
238 2720 348 2785 seduci
381 2722 504 2786 umbris
533 2742 649 2797 rerum,
674 2722 761 2786 dulci
790 2724 917 2787 nomine
946 2724 1109 2801 scientiae,
1139 2730 1171 2787 et
1199 2727 1300 2789 auerti

146 2848 165 2891 a
189 2826 261 2891 luce
285 2828 442 2906 ueritatis,
467 2848 547 2909 qnae
567 2832 618 2892 est
636 2829 667 2892 in
688 2827 816 2895 Christo
830 2830 906 2893 Iesu
925 2829 1051 2895 domino
1077 2834 1195 2895 nostro.
1220 2831 1300 2894 benc

146 2936 256 2997 autem
289 2934 348 2997 sub
382 2934 508 2999 nomine
543 2935 717 3015 sapientiae
745 2936 800 2999 uel
828 2936 980 2999 scientiae
1010 2954 1118 3000 curam
1147 2956 1300 3001 uanarum

146 3039 421 3122 superfluorumue
446 3041 705 3109 obseruationum
731 3044 762 3105 et
787 3042 825 3105 de
854 3043 1082 3123 superstitione
1107 3043 1299 3127 gentilitatis

239 3285 267 3346 r;
289 3282 323 3335 14
342 3281 399 3337 cor.
419 3284 444 3345 2,
465 3284 497 3335 21
566 3284 598 3336 15
618 3284 671 3337 ru.
694 3287 717 3344 1,
740 3285 771 3337 15
839 3284 1075 3351 rerumne
1142 3284 1300 3352 arcena,

147 3373 194 3436 ru
215 3372 299 3425 rrenr.
322 3372 363 3439 10,
384 3373 396 3424 1
453 3373 487 3425 aa
508 3372 577 3442 npn.
598 3374 623 3437 4,
643 3374 690 3437 21;
712 3372 769 3426 Ich.
792 3373 833 3440 14,
853 3376 882 3436 e;
903 3373 993 3426 11011.
1014 3375 1075 3437 uc

184 3496 334 3550 lobscura
351 3496 404 3549 tibi
425 3495 482 3550 GV
535 3498 623 3551 adbuc
643 3514 693 3553 om.
712 3498 746 3551 K
799 3498 889 3552 'Ziela
907 3514 959 3553 om.
979 3499 1006 3551 A
1056 3500 1255 3567 3qneesiisses
1274 3516 1301 3552 nr

181 3586 209 3637 in
230 3586 274 3654 eo]
293 3583 354 3638 ideo
374 3586 400 3637 A
437 3584 584 3654 4habere]
606 3585 698 3639 uidere
723 3585 780 3639 VK
833 3587 936 3639 nultulb
958 3591 1066 3654 (parua
1085 3588 1196 3657 r·as.)P
1232 3590 1300 3641 ine

143 3674 304 3743 tetigeritis,
323 3690 357 3726 ne
376 3674 554 3742 gusteueritis
574 3690 625 3728 om.
645 3674 678 3726 K
735 3675 751 3727 8
771 3691 807 3727 ne
826 3676 1004 3743 gustaueritis
1023 3692 1075 3730 om.
1095 3678 1123 3730 A
1142 3693 1229 3745 neque
1250 3694 1300 3746 gu·

143 3763 286 3818 steueritis
304 3762 359 3815 PG
377 3779 427 3819 aec.
446 3778 517 3816 sacr.
538 3763 590 3819 titt.
683 3766 699 3817 9
719 3764 765 3832 qui
785 3764 819 3817 H
898 3766 932 3818 10
950 3764 1127 3834 prohibentes
1146 3764 1215 3818 HM
1232 3770 1299 3832 (ras.

143 3851 327 3923 prohibentis)
384 3853 415 3906 11
437 3852 602 3905 obscuritate
621 3853 676 3906 ista
694 3852 755 3906 edd.
837 3853 988 3917 inrisorenr,
1006 3871 1041 3907 m.
1058 3857 1078 3906 2
1095 3854 1247 3907 irrisionem
1266 3855 1304 3906 M

146 3943 179 3995 12
204 3940 325 4011 decipiet
349 3957 400 4010 que
424 3940 458 3993 H
479 3940 562 4010 dicipi
587 3944 668 4009 (corr.
693 3940 793 4011 decipi)
821 3946 903 4011 atque
926 3943 954 3995 P
1054 3944 1086 3995 13
1111 3944 1244 3996 culturum
1268 3944 1299 3995 H

145 4032 180 4083 14
198 4030 383 4083 discernentes
402 4029 430 4083 P
482 4046 516 4083 ne
535 4030 694 4097 tetigeritis,
712 4046 745 4082 ne
766 4031 952 4098 gustnueritis,
972 4048 1007 4084 ne
1026 4031 1257 4084 attamineueritis
1277 4033 1301 4084 l'

143 4118 204 4172 edd.
224 4120 272 4186 (cs.
291 4135 319 4170 a.
342 4122 384 4185 7),·
401 4134 473 4172 sacr.
494 4118 546 4172 litt.
565 4119 736 4187 eiupularcm
755 4119 858 4172 babent
874 4137 1018 4173 cremeram
1100 4136 1187 4188 neque
1206 4126 1299 4187 gusta-

143 4208 216 4261 ueris
238 4206 264 4261 G
283 4222 334 4260 ecc.
353 4223 424 4260 socr.
446 4207 498 4260 lut.
539 4207 571 4260 16
592 4207 664 4275 quod
683 4208 710 4260 in
731 4208 784 4261 alio
799 4207 833 4261 H
848 4210 909 4262 edd.
951 4211 981 4262 17
1000 4210 1061 4277 ipsc
1082 4208 1225 4262 euidenter
1239 4210 1298 4262 edd⁴

142 4299 179 4352 20
197 4298 239 4350 ite
257 4295 352 4349 ΗΜΛ
388 4297 420 4349 21
436 4296 555 4350 uertiK
589 4298 624 4350 24
639 4298 834 4367 superfluarum
854 4299 899 4351 uel
916 4298 976 4353 GK
1028 4298 1303 4367 superstitutioneH

173 4422 309 4462 xxxxrur
325 4422 384 4471 nug.
400 4426 456 4463 ieet.
473 4422 494 4461 n
510 4434 561 4472 pars
576 4426 597 4464 a.
681 4422 686 4429 ·
1229 4404 1264 4456 24
