3092 4959
510 368 776 436 epistularum
806 366 911 423 CLVII.
1222 374 1287 439 477

133 568 193 629 θεῖ
230 560 410 639 ostendens,
448 560 572 644 quando
606 561 668 624 ista
699 563 784 624 reete
822 560 911 636 fiunt,
951 582 1011 626 nen
1046 562 1113 628 fieri
1151 566 1288 631 heminis

131 670 275 753 petentia
294 668 349 732 sed
369 667 420 732 dei
439 667 550 751 gratia.
571 668 632 731 hoe
651 686 726 750 ergo
747 667 919 732 adtendant
936 668 991 733 isti
1012 673 1053 735 et.
1075 672 1101 735 si
1121 672 1288 754 reprehen-

133 777 215 841 dunt
239 795 303 852 eeu,
333 776 388 856 qui
417 774 592 857 gloriantur
615 774 646 837 in
672 773 796 839 diuitiis
822 776 898 853 suis,
927 780 1062 840 caueant
1090 777 1151 859 ipsi
1175 778 1206 843 in
1231 797 1289 842 sua

133 885 253 949 uirtute
269 881 440 957 confidere3
462 880 559 944 simul
574 880 658 945 enim
672 880 800 963 utrique
815 882 1087 963 reprehenduntur
1106 883 1138 947 iu
1153 885 1289 967 psalmo.

97 991 200 1072 aqui
233 987 432 1055 confidunt
474 987 510 1051 in
544 988 689 1052 uirtute
727 1007 794 1051 sua
826 991 862 1053 et
894 989 957 1071 qui
990 990 1025 1053 in
1059 990 1287 1055 abundantia

133 1097 360 1161 diuitiarum
399 1114 550 1158 suarum
588 1094 812 1177 gloriantur.
851 1096 981 1160 audiant
1013 1097 1121 1178 itaque
1155 1097 1286 1161 diuites:

134 1202 241 1281 Quod
266 1201 483 1267 homiuibus
507 1200 740 1281 inpossibile
764 1203 832 1277 θεῖ,
858 1200 924 1265 deo
944 1202 1060 1265 facile
1081 1208 1139 1267 est
1158 1207 1199 1280 et,
1221 1204 1289 1267 siue

132 1312 295 1374 manentes
322 1308 355 1372 in
385 1306 507 1370 diuitiis
537 1306 604 1371 suis
634 1309 730 1387 utque
759 1326 795 1370 er
824 1307 870 1371 eis
899 1308 981 1371 bona
1009 1327 1103 1391 opera
1135 1308 1288 1371 facientes

133 1417 203 1481 siue
241 1415 306 1479 illis
346 1414 483 1479 uenditis
517 1418 550 1476 et
581 1432 636 1495 per
668 1414 861 1496 indigentias
895 1433 1069 1497 pauperum
1108 1414 1288 1479 distributis

84 1540 113 1578 10
132 1524 252 1587 intrent
275 1523 306 1585 in
330 1541 465 1605 regnum
490 1520 659 1597 caelorum,
684 1521 804 1603 gratiae
829 1521 879 1585 dei
904 1522 1046 1587 tribuant
1069 1540 1130 1587 non
1154 1522 1288 1604 propriis

132 1630 259 1694 uiribus
287 1630 404 1693 benum
435 1648 540 1692 suuni.
574 1627 671 1708 qued
700 1628 783 1691 enim
812 1628 1029 1693 horninibus
1059 1628 1288 1712 inpossibile

133 1740 204 1810 est,
230 1754 291 1800 non
316 1733 499 1799 homiuibus
524 1732 581 1797 sed
605 1734 671 1798 dee
700 1733 816 1799 facile
845 1737 911 1799 θεῖ.
941 1735 1072 1799 audiant
1095 1736 1155 1799 beu
1179 1738 1211 1799 et
1234 1736 1288 1799 isti

133 1846 176 1917 θῖ,
202 1841 310 1906 eiiam
332 1861 390 1905 sua
409 1842 515 1906 emnia
533 1841 586 1904 uel
612 1842 822 1905 uendiderunt
840 1847 872 1906 et
890 1843 1083 1924 pauperibus
1108 1842 1289 1916 tribuerunt

132 1949 188 2014 uel
211 1949 315 2013 adhue
337 1948 371 2012 id
394 1956 492 2031 agunt
515 1954 610 2030 atque
639 1948 812 2029 disponunt
835 1952 866 2013 et
893 1949 953 2014 hee
982 1949 1074 2015 modo
1103 1952 1290 2032 praeparant

85 2071 113 2112 1⁵
133 2055 250 2120 intrare
277 2056 308 2119 in
336 2075 469 2139 reguum
504 2057 676 2131 caelorum,
709 2075 770 2119 non
804 2056 864 2120 hoe
895 2056 1037 2119 tribuant
1070 2056 1182 2120 uirtuti
1211 2074 1287 2119 suae

133 2163 192 2227 sed
220 2162 323 2226 eidem
352 2164 471 2247 gratiae
500 2161 637 2226 diuinae.
672 2162 769 2245 qued
804 2164 887 2227 enirn
920 2162 1136 2227 hominibus
1165 2162 1288 2246 iupos-

134 2270 248 2336 sibile
278 2274 348 2348 est,
378 2290 438 2335 nen
466 2270 558 2354 ipsis,
588 2270 663 2352 quia
691 2274 724 2333 et
750 2270 812 2351 ipsi
840 2270 985 2335 hemines
1015 2274 1100 2347 sunt,
1135 2270 1192 2335 sed
1220 2270 1287 2333 deo

133 2376 249 2441 facile
274 2380 341 2440 est.
364 2377 424 2441 hoe
449 2376 567 2459 quippe
589 2376 655 2440 illis
676 2379 708 2441 et
731 2377 896 2458 apestolus
922 2377 1014 2441 dicit:
1041 2376 1128 2442 Curn
1152 2378 1287 2440 timere

134 2489 172 2546 et
190 2486 354 2547 tremere
378 2487 546 2547 uestram
571 2484 737 2566 ipsorum
763 2484 925 2548 salutem
951 2482 1169 2565 operamini;
1196 2484 1288 2547 deus

84 2605 113 2646 πο
135 2590 234 2653 enim
268 2593 337 2667 θεῖ,
371 2591 434 2673 qui
467 2594 645 2673 operatur
673 2591 709 2653 in
742 2591 852 2655 uobis
883 2594 919 2654 et
946 2591 1046 2655 uelle
1076 2594 1113 2655 et
1141 2590 1290 2673 operari

133 2715 200 2778 pru
233 2696 328 2759 bena
360 2697 570 2761 uoluntate.
606 2701 689 2760 uerte
723 2696 793 2761 ideo
824 2716 857 2761 se
886 2697 995 2761 dieunt
1024 2696 1062 2761 de
1092 2696 1159 2760 suis
1192 2696 1288 2759 rebus

133 2801 310 2867 uendendis
347 2803 550 2884 perfeetionis
588 2824 606 2867 a
643 2804 769 2868 demine
814 2804 996 2886 suscepisse
1034 2804 1214 2881 consilium,
1253 2805 1289 2865 ut

134 2913 310 2991 sequantur
342 2910 514 2987 deminum,
549 2910 698 2992 quoniam
735 2909 802 2974 illie
836 2911 980 2975 additum
1013 2914 1075 2975 est:
1114 2910 1159 2973 Et
1191 2909 1287 2985 ueni,

134 3036 293 3098 sequere
326 3036 390 3081 me.
423 3037 478 3081 eurr
511 3036 585 3101 erge
613 3019 646 3082 in
673 3018 723 3082 his
752 3018 854 3097 bonis,
888 3037 967 3101 quae
996 3018 1128 3093 iaciunt,
1164 3017 1201 3081 de
1231 3036 1290 3081 sua

84 3149 113 3188 25
134 3126 261 3187 tantum
292 3124 457 3188 uoluntate
489 3127 697 3206 praesumunt
728 3143 786 3188 nee
819 3124 952 3188 erudiunt
985 3125 1159 3200 dominum,
1194 3143 1287 3205 quern

228 3350 306 3403 aps.
325 3350 369 3412 48,
390 3350 405 3403 7
462 3351 495 3403 18
514 3349 585 3403 Phil.
606 3351 630 3410 2,
652 3351 756 3403 12-13
812 3352 846 3403 23
866 3350 964 3405 Matih.
987 3350 1028 3417 19,
1049 3350 1081 3402 21

176 3472 274 3542 liuta]
294 3473 335 3526 ita
353 3472 379 3525 L
433 3474 593 3542 2p0teutib
611 3474 639 3526 P
691 3475 808 3543 gratiam
828 3475 855 3526 P
912 3475 955 3527 bic
977 3474 1026 3527 CO
1079 3475 1244 3527 iuunfitere
1264 3473 1291 3525 P

173 3561 422 3631 repraehendentur
441 3562 468 3614 P
539 3566 555 3617 5
575 3580 624 3617 sue
642 3580 693 3616 oei.
713 3563 741 3615 P
813 3565 841 3616 in
861 3564 1039 3631 abundantia]
1061 3562 1245 3616 inhabitantia
1263 3562 1292 3613 P

135 3655 152 3706 8
174 3651 425 3721 atque-facientes
444 3668 496 3705 em.
517 3652 576 3705 edd.
591 3659 704 3719 praeter
720 3671 748 3707 m
798 3656 814 3707 9
834 3654 1015 3722 indigentiam
1034 3656 1071 3724 (m
1090 3653 1122 3705 iu
1139 3668 1195 3705 rau.
1213 3668 1248 3705 ru.
1264 3656 1289 3721 1)

140 3740 164 3792 0
256 3740 424 3809 inpropriis
443 3741 547 3793 uiribus
566 3740 622 3794 suis
643 3742 709 3806 (uuis
728 3744 798 3809 exp.)
818 3742 844 3793 L
945 3743 976 3794 11
997 3741 1153 3794 hominibus
1173 3739 1290 3793 enimO

138 3827 296 3882 12ι1ιοθο
353 3830 384 3883 13
404 3829 642 3883 emniasuaedd.
716 3837 765 3884 sua
784 3832 811 3883 P
886 3830 1047 3884 uelem.L
1121 3828 1246 3882 uiderunt
1268 3826 1292 3879 C

139 3923 186 3983 (m.
205 3920 225 3970 2
243 3916 437 3987 uendiderunt)
459 3916 482 3970 Ο
553 3920 585 3970 15
605 3919 714 3972 uirtutis
737 3919 760 3971 0
825 3920 857 3973 18
877 3919 968 3973 :tb'iilis
988 3924 1016 3971 et
1036 3922 1102 3986 (rau.
1122 3920 1197 3969 1-2
1217 3918 1244 3971 1.)
1268 3915 1292 3968 C

138 4012 168 4060 et
186 4006 352 4078 illirijetO
399 4008 432 4060 19
452 4008 572 4076 ipserum
591 4024 641 4061 om.
662 4008 688 4060 L
706 4024 755 4061 sec.
781 4008 861 4077 Vulp.
907 4010 942 4062 20
962 4011 1004 4061 θεῖ
1023 4005 1141 4061 euimT
1195 4018 1289 4073 opera-

137 4096 216 4161 mini,
234 4112 270 4149 m.
290 4100 305 4147 1
323 4112 392 4151 corr.
412 4096 518 4166 operari
538 4096 563 4148 L
600 4098 632 4151 21
652 4099 714 4166 pre]
732 4115 749 4165 p
768 4098 796 4150 P
833 4097 1006 4151 attenditis
1026 4094 1052 4147 L
1129 4095 1289 4162 suscipesse,

137 4202 173 4240 m.
194 4189 209 4238 1
228 4202 298 4240 corr.
317 4187 469 4255 suscepisse
487 4186 515 4238 P
605 4187 717 4239 consiliu
736 4187 764 4239 P
858 4188 892 4241 23
911 4190 1041 4255 sequatur
1060 4186 1086 4239 L
1176 4182 1289 4249 aditum,

137 4292 173 4328 ui.
194 4280 209 4328 1
228 4292 297 4330 corr.
318 4275 441 4329 additum
460 4276 488 4328 P
505 4274 641 4331 addietum
661 4276 766 4344 (seutiae
785 4292 798 4329 θ
818 4274 843 4344 P)
862 4277 888 4329 L
942 4278 977 4329 24
996 4276 1029 4329 iis
1042 4276 1065 4343 f
1073 4278 1143 4330 lrm
