3092 4959
477 349 743 417 epistularum
773 346 915 401 CLXXIX.
1204 348 1290 412 695Δ

113 549 315 627 peccatum
339 563 437 609 mors
463 548 500 608 et
527 543 582 607 ite
610 544 647 607 in
677 560 802 607 omnes
831 542 1000 607 homines
1029 542 1268 623 pertransiit,

113 652 235 733 inquo
252 652 653 732 omncspeccanerunt,
664 648 847 731 perChristi
864 649 996 733 gratiam
1008 648 1145 723 liberari,
1161 654 1269 711 utrum

113 758 213 821 etiam
232 777 289 841 pro
313 757 392 839 ipsis
416 758 524 821 fusum
549 756 659 821 credet
681 756 868 840 sanguinem
890 755 1009 821 Christi
1027 758 1158 838 propter
1176 755 1269 838 origi-

111 864 186 927 nale
203 869 383 945 peccatum,
403 864 458 946 qui
472 864 583 945 utique
597 864 629 927 in
644 863 865 928 remissionem
880 862 972 927 lusus
988 866 1038 927 est
1055 864 1268 943 peccatorum.

79 971 154 1037 nde
188 970 237 1035 his
271 971 407 1035 maxime
440 971 479 1035 ab
512 970 567 1034 illo
600 971 752 1035 uolumus
785 986 889 1049 nosse,
926 968 1002 1050 quid
1036 968 1154 1043 credat,
1192 966 1270 1049 quid

111 1082 233 1155 teneat,
267 1078 343 1159 quid
376 1083 463 1141 certe
492 1076 680 1141 confiteatur
712 1080 745 1139 et
773 1076 945 1157 praedicet.
978 1075 1012 1138 iu
1044 1074 1116 1138 eliis
1150 1076 1269 1151 autem,

112 1204 197 1266 quoe
219 1185 268 1249 illi
292 1186 485 1261 obiciuntur,
516 1185 641 1249 etiamsi
665 1203 768 1249 errare
792 1183 1003 1260 conuincitur,
1027 1186 1143 1260 tumen,
1168 1181 1267 1244 donec

112 1293 301 1377 corrigatur,
324 1292 524 1358 tolerabilius
547 1293 737 1357 sustinetur.

19 1401 37 1462 7
157 1400 238 1463 Poto
263 1399 358 1463 etiam
383 1400 476 1465 nobis
498 1399 723 1476 transmittere,
752 1398 868 1480 quibus
893 1398 1078 1479 perhibetur
1101 1414 1171 1461 esse
1195 1414 1267 1478 pur-

64 1532 92 1573 ro
111 1510 220 1591 gatus,
249 1506 474 1571 ecclesiastica·
496 1511 587 1589 geste
619 1506 768 1588 digneris.
805 1505 890 1587 quod
924 1524 960 1568 er
992 1506 1166 1569 multorum
1203 1502 1266 1583 epi-

110 1632 282 1695 scoporum
307 1614 463 1678 desiderio
484 1616 571 1697 peto,
592 1632 672 1697 quos
692 1632 817 1677 mecum
838 1613 876 1676 de
900 1612 959 1676 hac
982 1631 1016 1676 ra
1040 1613 1123 1676 fama
1146 1614 1266 1676 incerta

110 1720 293 1801 perturbem
322 1720 378 1784 sed
401 1720 473 1785 ideo
497 1723 587 1786 solus
611 1721 673 1785 hoc
697 1720 820 1803 scripsi,
846 1720 920 1803 quia
944 1718 1143 1785 occasionem
1166 1719 1267 1801 perla-

110 1825 192 1889 toris
230 1825 411 1890 fcstinantis
449 1846 468 1889 s
499 1828 602 1902 nobis,
641 1846 735 1908 quem
768 1828 833 1891 cito
866 1826 905 1890 ad
937 1846 994 1893 nos
1028 1826 1138 1891 audiui
1171 1842 1266 1908 posse

109 1951 263 2007 remeare,
295 1933 548 2014 praetermittere
575 1934 674 1997 nolui.
708 1953 762 2016 pro
798 1934 915 2017 quibus
944 1934 1044 2017 gestis
1076 1933 1140 1997 iam
1173 1932 1265 1997 nobis

64 2064 91 2105 rs
109 2040 204 2102 misit
226 2058 286 2104 non
310 2038 439 2122 q‘uidem
462 2040 562 2105 ullam
590 2044 712 2122 partem
736 2044 901 2123 gestorum
926 2040 982 2103 sed
1006 2040 1164 2123 quandem
1189 2059 1206 2103 a
1230 2059 1264 2104 se

109 2147 327 2228 conscriptam
358 2146 451 2211 uelut
484 2146 696 2211 defensionem
730 2162 832 2220 suam,
867 2166 929 2230 qua
961 2166 994 2211 se
1022 2148 1101 2212 dixit
1130 2148 1263 2212 obiectis

107 2252 314 2334 respondisse
338 2251 515 2318 Gallorum.
538 2253 570 2317 in
596 2272 667 2335 que,
691 2257 728 2318 nt
752 2254 815 2317 alia
838 2254 993 2327 omittam,
1022 2272 1096 2318 cum
1120 2253 1160 2317 ad
1183 2254 1264 2318 illud

108 2360 327 2441 responderet,
347 2360 432 2441 quod
452 2361 480 2425 ei
501 2361 661 2425 obiectum
682 2363 741 2438 est,
762 2380 835 2424 eum
855 2360 972 2425 dixisse
991 2378 1086 2443 posse
1101 2360 1262 2425 hominem

109 2486 182 2531 esse
202 2467 270 2531 sine
289 2470 420 2549 peccato
440 2469 473 2529 et
491 2466 640 2532 mandate
659 2467 711 2530 dei
730 2466 901 2541 custodire,
926 2466 954 2531 si
977 2466 1066 2544 uelit,
1092 2466 1262 2544 diximus,

61 2598 89 2638 so
107 2573 228 2655 inquit;
253 2574 344 2637 ‘banc
363 2574 448 2636 enim
466 2573 514 2637 illi
534 2574 613 2638 deus
632 2573 881 2657 possibilitatem
902 2566 1002 2649 dedit3
1028 2590 1089 2638 non
1114 2572 1261 2650 diximus,

108 2681 260 2763 qnoniam
288 2681 470 2745 inueniatur
497 2680 579 2762 quis,
609 2681 648 2743 ab
670 2680 805 2745 infantie
827 2700 930 2762 usque
954 2681 993 2743 ad
1018 2684 1177 2744 senectam
1207 2682 1261 2761 qni

107 2806 282 2870 numquam
306 2789 496 2869 peccauerit,
516 2788 740 2871 sedquoniam
760 2808 778 2851 e
796 2788 938 2869 peccetis
963 2806 1134 2852 conuersus
1153 2787 1261 2851 labore

104 2894 235 2979 proprio
259 2898 291 2957 et
314 2896 417 2978 gratie
440 2895 491 2958 det
519 2894 648 2959 adiutus
673 2897 781 2975 potest
805 2895 925 2975 absque
953 2899 1084 2976 peccato
1108 2914 1179 2960 esse
1204 2914 1260 2959 nec

103 3004 236 3084 propter
258 3001 318 3064 hoo
341 3001 372 3063 in
396 3005 561 3082 posterum
586 3002 646 3065 erit
668 3001 941 3067 inconnertibilis'.

15 3120 83 3183 825
150 3110 186 3172 In
215 3109 274 3171 bec
304 3097 428 3193 Pelagii
454 3109 659 3191 responsione
688 3108 789 3172 cernit
816 3109 994 3172 reuerentia
1022 3110 1078 3171 tua
1101 3108 1160 3173 boc
1185 3128 1259 3174 sum

104 3216 207 3279 fuisse
227 3214 419 3292 confossum,
443 3215 579 3298 priorem
599 3214 737 3280 hominis
756 3214 868 3289 uitam,
889 3232 970 3296 quae
990 3219 1039 3280 est
1058 3214 1096 3278 ab
1116 3214 1259 3292 infantia,

103 3320 175 3385 sine
198 3324 328 3402 peccato
352 3340 413 3385 non
437 3339 520 3398 esse,
550 3321 607 3386 sed
631 3339 705 3385 eum
729 3321 768 3384 ad
793 3321 904 3399 uitam,
930 3339 1011 3402 quse
1036 3321 1103 3385 sinc
1127 3326 1258 3404 peccato

103 3429 157 3505 sit,
185 3428 293 3492 labore
321 3429 449 3512 proprio
478 3434 511 3492 et
538 3428 646 3492 adiuto
675 3427 888 3513 pergratiam
913 3428 964 3492 dei
988 3448 1082 3511 posse
1107 3431 1259 3493 conuerti.

103 3554 162 3599 cur
181 3555 256 3619 ergo
275 3536 307 3598 in
327 3536 388 3598 hoc
407 3535 500 3610 libre,
527 3536 578 3599 cui
596 3536 757 3617 respondi,
781 3536 862 3599 Abel
881 3536 926 3599 ita
950 3536 1001 3599 hic
1027 3534 1145 3599 uixisse
1171 3535 1256 3611 dicit,

55 3667 81 3706 so
104 3645 142 3704 ut
170 3642 249 3705 nihil
279 3642 406 3705 omnino
435 3641 638 3724 peccauerit?
671 3660 745 3705 nem
772 3642 841 3705 eius
871 3642 909 3705 de
940 3643 999 3705 hac
1027 3660 1059 3705 re
1088 3643 1151 3706 ista
1184 3647 1259 3707 sunt

101 3749 214 3811 uerba:
243 3748 344 3825 ‘Hoc‘
367 3748 481 3830 inquit,
506 3750 601 3812 ‘recte
625 3748 688 3812 dici
712 3752 820 3830 potest
844 3748 882 3811 de
906 3748 968 3825 bie,
994 3766 1128 3829 quorum
1153 3768 1256 3831 neque

102 3862 257 3919 bonorum
285 3874 388 3936 neque
416 3855 573 3919 malorum
598 3856 757 3937 scriptura
782 3855 825 3919 sit
847 3873 984 3929 memor;
1016 3855 1053 3918 de
1078 3855 1143 3919 illis
1168 3874 1256 3935 uero,

192 4046 210 4099 3
229 4045 327 4101 Matth.
347 4046 391 4109 26,
409 4046 444 4097 28

137 4170 202 4222 lin
220 4156 380 4223 remissione
408 4167 461 4221 i'U
477 4169 513 4221 lr
605 4170 636 4221 19
660 4176 687 4223 et
708 4169 743 4222 20
767 4168 820 4221 diri
854 4169 906 4222 l'U
928 4170 1009 4239 (corr.
1034 4168 1108 4234 diri')
1134 4169 1200 4233 lsr,·
1220 4171 1254 4237 cf.

99 4277 128 4325 p.
150 4260 218 4326 697,
241 4261 258 4309 4
313 4258 348 4309 29
367 4257 437 4310 Abel
457 4257 617 4321 mnendcam
637 4258 680 4310 uel
699 4258 777 4311 codd.
798 4259 859 4312 edd.
