3092 4959
528 360 800 430 epistularum
828 361 936 418 cxcii.
1238 368 1302 430 249

144 556 176 618 in
203 557 272 620 tota
295 554 453 636 scriptura
474 557 540 619 tam
564 556 666 620 multa
689 557 897 637 reperiuntur,
921 557 967 620 ita
995 561 1159 622 cesserunt
1181 557 1303 622 inimici

145 662 227 736 eius,
247 665 285 726 ut
303 661 477 726 faterentur
497 665 605 726 contra
624 662 793 726 ecclesiam
813 662 1067 741 transmarinam,
1083 683 1177 747 quam
1196 667 1302 728 tamen

145 767 337 832 catholicam
363 785 434 832 esse
458 768 595 833 confessi
620 773 703 848 sunt,
727 788 825 833 causa
850 817 1127 835 ............
1147 769 1222 834 buic
1244 789 1302 835 uos

145 874 419 940 communicamus
455 923 1300 942 ...................................

112 1003 125 1043 s
145 1031 281 1046 ......
311 999 489 1046 mereamur
520 982 672 1046 membris
702 981 822 1048 Christi
851 986 884 1046 et
912 983 1130 1067 compaginem
1164 986 1303 1067 corporis

144 1089 217 1153 eius
250 1087 454 1153 fidelissimae
488 1089 629 1153 caritatis
663 1088 895 1171 amplectamur
927 1091 1055 1167 affectu,
1089 1091 1238 1173 quoniam
1270 1093 1302 1155 in

146 1195 302 1260 ecclesiae
326 1194 422 1260 huius
447 1195 569 1259 unitate
589 1195 781 1277 quicumque
800 1197 885 1258 male
902 1195 998 1272 uiuit,
1019 1196 1093 1261 sibi
1117 1197 1302 1262 iudicium

145 1300 350 1365 manducat
374 1305 411 1366 et
433 1301 542 1378 bibit,
568 1302 654 1366 sicut
677 1304 844 1383 apostolus
868 1302 957 1378 dicit,
978 1304 1171 1385 quicumque
1195 1308 1303 1368 autem

144 1409 228 1473 bene
252 1408 345 1486 uiuit,
373 1427 434 1472 non
459 1409 488 1472 ei
511 1408 708 1490 praeiudicat
732 1409 832 1473 alienu
858 1427 955 1474 causa
979 1414 1011 1473 et
1034 1410 1137 1474 aliena
1158 1428 1302 1492 persona,

97 1541 124 1578 ro
146 1515 234 1580 siout
257 1515 353 1580 etiam
376 1515 434 1586 illi,
460 1534 532 1579 cum
557 1514 595 1578 de
617 1533 712 1579 causa
731 1515 914 1580 Maximiani
933 1519 1152 1600 arguerentur,
1173 1536 1226 1582 ore
1245 1536 1303 1583 sno

146 1620 252 1686 coacti
267 1625 343 1685 sunt
356 1621 507 1700 confiteri,
524 1621 598 1702 qnia
614 1641 670 1714 nco
686 1641 783 1686 causa
797 1641 912 1686 causae
933 1641 989 1686 nec
1003 1642 1138 1704 persona
1151 1642 1302 1706 personae

145 1728 355 1810 praeiudicat.
379 1727 510 1792 solliciti
534 1731 639 1791 tamen
663 1729 802 1794 inuicem
822 1747 934 1793 sumus
954 1749 1010 1810 pro
1029 1729 1120 1794 nobis
1139 1734 1304 1811 tamquam

145 1837 244 1899 unius
273 1835 412 1918 corporis
440 1833 592 1910 membra,
617 1839 663 1909 ut,
688 1836 880 1916 quicumque
909 1834 1080 1900 adiuuante
1109 1836 1235 1900 domino
1264 1835 1303 1899 ud

146 1942 298 2007 horreum
330 1942 472 2006 futurum
507 1942 713 2024 pertinemus,
747 1942 873 2006 interim
902 1943 933 2005 in
963 1960 1034 2006 area
1065 1942 1163 2007 simul
1194 1942 1301 2023 paleas

96 2073 124 2113 15
147 2049 323 2113 toleremus
346 2065 403 2113 nec
426 2051 554 2131 propter
576 2048 664 2112 illam
688 2048 796 2113 futuro
821 2049 887 2132 igni
910 2049 1101 2114 destinatam
1119 2067 1177 2113 nos
1197 2067 1302 2114 aream

148 2154 343 2221 dominicam
367 2155 560 2220 deseramus.

195 2261 291 2345 Agite
314 2261 450 2326 fideliter
473 2265 506 2326 et
528 2263 671 2327 hilariter
695 2262 913 2326 ecclesiastica
936 2261 1048 2340 officia,
1077 2281 1156 2343 quae
1180 2261 1219 2326 ad
1242 2280 1301 2326 uos

145 2367 310 2450 pertinent
322 2387 378 2450 pro
395 2369 545 2452 gradibus
561 2371 688 2445 uestris,
705 2374 735 2432 ot
751 2370 965 2433 ministerium
980 2373 1122 2433 uestrum
1139 2369 1304 2433 sinceriter

146 2475 322 2557 adimplete
351 2478 480 2558 propter
507 2477 599 2540 illum
628 2477 733 2555 deum,
764 2475 823 2540 sub
853 2497 914 2558 quo
949 2476 1093 2540 conserui
1126 2495 1238 2540 sumus
1270 2478 1303 2538 et

94 2607 124 2646 20
146 2580 201 2646 cui
225 2583 378 2648 rationem
399 2584 437 2647 de
457 2585 574 2647 nostris
594 2585 719 2648 actibus
738 2583 917 2647 reddituros
937 2602 995 2648 nos
1019 2602 1089 2647 esse
1113 2583 1301 2666 cogitamus.

146 2687 232 2752 unde
267 2689 426 2754 abundare
459 2690 575 2754 debent
606 2691 636 2756 in
670 2690 761 2754 nobis
796 2690 1029 2754 misericordiae
1063 2689 1194 2766 uiscera,
1229 2689 1301 2772 qnia

144 2795 335 2860 iudicium
374 2797 454 2861 sine
491 2797 757 2862 misericordia
795 2797 855 2861 erit
891 2797 962 2873 illi,
996 2797 1061 2879 qui
1099 2816 1169 2860 non
1209 2795 1302 2859 fecit

144 2902 459 2968 misericordiam.
486 2921 523 2966 ac
546 2922 602 2985 per
625 2903 685 2966 boc
710 2907 742 2966 et
765 2921 821 2984 pro
845 2902 910 2967 illis
935 2906 1021 2965 orate
1045 2902 1221 2978 nobiscum,
1247 2901 1301 2982 qui

145 3007 254 3072 adhuc
292 3009 519 3072 contristantur
561 3058 991 3075 ....................
1033 3008 1130 3073 habet
1167 3008 1302 3071 carnalis

240 3181 287 3234 71
309 3180 368 3236 Cor.
390 3183 431 3248 11,
451 3183 485 3237 29
541 3184 574 3235 14
594 3183 692 3236 blatth.
713 3185 738 3242 3.
760 3183 807 3246 12;
825 3183 889 3240 Luc.
909 3185 935 3243 3,
956 3184 987 3235 17
1044 3181 1079 3236 22
1097 3182 1151 3235 Iac.
1172 3184 1197 3250 ·2,
1219 3182 1251 3235 13

182 3289 201 3342 3
225 3289 298 3341 inter
320 3305 401 3342 cansa
424 3295 449 3343 et
471 3290 533 3343 huic
555 3290 678 3357 spatium
701 3290 827 3343 relictum
850 3293 944 3342 est12
961 3291 1024 3356 fero
1043 3289 1199 3343 litterarum
1216 3289 1248 3340 in
1268 3288 1301 3351 P,

143 3381 181 3431 15
198 3375 250 3430 litt.
266 3378 298 3430 in
317 3376 348 3440 V,
363 3379 398 3430 18
412 3378 465 3431 litt.
479 3378 509 3430 in
528 3376 565 3444 U,·
580 3379 712 3431 lucanum
730 3377 961 3446 sipno'ficoueruat
976 3377 1046 3441 lsr‚·
1064 3381 1136 3444 eunt,
1149 3393 1179 3429 sc
1194 3393 1302 3430 oausam

142 3483 201 3520 nou
221 3464 331 3517 babere.
349 3465 413 3518 huic
430 3481 457 3517 m
475 3481 508 3518 ea·
526 3466 692 3531 coniectu-ro,
712 3466 813 3532 opinor
857 3465 1121 3518 loommunioamnr
1139 3464 1167 3516 P
1228 3464 1302 3517 inter

143 3555 377 3609 communicamus
401 3561 426 3608 et
449 3571 599 3607 mereamur
615 3555 738 3620 spatium
757 3555 882 3607 relictum
900 3560 939 3606 est
960 3558 993 3606 41
1009 3555 1073 3621 sere
1097 3553 1253 3607 litterarum
1271 3554 1302 3605 in

142 3644 182 3706 P,
202 3646 243 3696 23
263 3643 315 3696 litt.
331 3643 362 3696 in
381 3641 413 3710 V,
434 3647 469 3696 19
488 3643 539 3698 litt.
560 3645 591 3696 iu
611 3643 647 3708 U;
668 3643 801 3696 lacunam
819 3642 1050 3712 significouerunt
1070 3643 1139 3707 lsr,·
1158 3643 1302 3696 commuui-

143 3747 241 3786 camus
261 3736 292 3784 nt
310 3733 439 3801 coniungi
458 3748 609 3786 mercamur
628 3749 653 3784 m
674 3749 707 3786 ec
725 3733 892 3795 coniectura,
912 3733 1012 3799 opinor
1107 3733 1122 3784 7
1143 3732 1214 3784 uiuit
1232 3745 1301 3784 corr.

142 3839 180 3876 m.
202 3824 230 3886 2,
243 3820 336 3886 fuisso
353 3821 411 3874 uid.
432 3821 503 3873 bibit
522 3820 549 3873 P
564 3821 667 3875 biberit
690 3821 746 3875 VU
763 3823 799 3874 lr
817 3821 915 3874 uixerit
933 3837 983 3873 em
1036 3822 1067 3872 10
1087 3821 1126 3874 sic
1144 3821 1172 3873 P
1189 3821 1227 3872 sic
1250 3819 1306 3872 VU

143 3908 209 3964 edd.
262 3909 294 3961 12
315 3908 484 3977 praeiudicet
508 3909 561 3963 VU
579 3911 636 3964 lsr
689 3913 721 3963 14
741 3927 818 3964 arens
837 3909 864 3963 P
935 3911 1041 3979 poleam
1061 3926 1088 3962 m
1141 3912 1173 3962 15
1192 3925 1226 3961 ne
1250 3907 1305 3960 Vn

143 3997 209 4052 aad.
284 3999 316 4050 21
339 3997 416 4051 uobis
440 3997 496 4051 VU
512 3997 571 4053 edu.
645 4001 680 4052 22
699 3999 797 4052 feccrit
814 4016 841 4052 m
908 4001 942 4052 23
963 4000 1005 4067 ac]
1026 3999 1076 4051 hac
1095 3997 1122 4049 P
1187 3997 1223 4048 21
1237 4001 1302 4064 poet

144 4087 348 4140 contristantur
369 4087 479 4154 reliqua
502 4103 529 4140 ιι.
550 4088 854 4154 pura(19-20b'tt.)
877 4103 973 4140 euersa
991 4087 1018 4140 P
1040 4085 1163 4153 matium
1180 4100 1303 4138 ααοιιιιιιι

142 4192 205 4229 non
230 4181 269 4229 eet
295 4175 327 4228 ia
357 4174 411 4229 VU
433 4191 520 4243 oeque
544 4177 677 4230 lammam
702 4177 932 4246 significarem
955 4176 1027 4241 lsr;
1052 4175 1248 4228 contristantur
1273 4183 1303 4224 nt

144 4268 261 4318 sanetur
280 4263 395 4318 carnalis
414 4281 441 4318 m
459 4281 493 4318 ex
511 4266 678 4332 coniectu-ra,
698 4266 798 4334 opinor
