3092 4959
269 417 333 482 616
625 418 652 470 S.
680 379 818 471 Aureli
847 418 1065 486 Augustini

267 610 346 674 deus
381 614 439 674 est.
472 609 543 674 ideo
576 611 621 675 ibi
653 611 810 676 mirabilis
843 612 1034 696 simplicitas
1067 612 1316 688 commendatur,
1345 616 1409 696 quir

268 737 329 782 non
358 718 401 781 ibi
430 719 518 782 aliud
547 724 691 784 estesse
715 721 802 783 aliud
830 721 1017 803 intellegere
1041 721 1094 784 uel
1117 721 1146 785 si
1169 721 1246 803 quid
1270 722 1357 786 aliud
1378 721 1409 785 de

268 825 319 889 dei
350 830 464 890 natura
496 826 626 903 dicitur;
661 829 766 892 anima
798 847 873 891 uero
908 829 983 910 quia
1021 832 1080 900 est,
1118 827 1216 892 etiam
1249 827 1326 892 dum
1358 848 1409 893 non

267 932 435 1016 intellegit,
467 932 555 996 eliud
584 937 643 1010 est,
672 933 757 1014 quod
787 938 847 1010 est,
877 935 974 1010 aliud,
1005 934 1090 1015 quod
1113 934 1284 1017 intellegit.
1307 934 1410 998 deinde

268 1039 339 1120 quis
368 1040 485 1102 audeat
513 1038 616 1104 dicere
644 1043 767 1121 patrem
796 1059 856 1105 non
885 1041 1072 1123 intellegere
1096 1061 1153 1122 per
1175 1062 1210 1106 se
1234 1041 1342 1123 ipsum
1364 1041 1410 1107 sed
1432 1056 1442 1097 5

267 1163 323 1228 per
341 1145 452 1222 filium,
478 1146 563 1210 siout
581 1147 732 1210 memoria
753 1166 814 1210 non
839 1147 999 1232 intellegit
1021 1169 1078 1232 per
1101 1169 1136 1214 se
1159 1149 1261 1232 ipsam
1287 1151 1344 1214 sed
1366 1169 1412 1233 per

266 1251 467 1316 intellectum
487 1253 539 1316 uel
559 1254 666 1335 potius
686 1255 791 1317 anime
808 1255 889 1336 ipsa,
905 1256 957 1319 cui
974 1255 1053 1320 haec
1071 1257 1190 1335 insunt,
1205 1277 1263 1339 per
1281 1257 1411 1322 intellec·

267 1363 336 1422 tum
351 1362 474 1425 tentum
491 1360 584 1424 modo
604 1361 773 1443 intellegit,
795 1361 880 1425 sicut
901 1382 958 1444 per
975 1363 1161 1428 memoriam
1181 1369 1309 1428 tantum
1328 1364 1412 1428 modo

267 1466 414 1530 meminit
428 1470 460 1531 et
470 1487 525 1549 per
539 1468 738 1532 uoluntatem
755 1472 881 1532 tantum
897 1469 990 1533 modo
1007 1472 1100 1534 uult?
1116 1469 1154 1534 ad
1169 1471 1230 1535 boc
1245 1491 1321 1554 ergo
1337 1471 1412 1534 adbi-

267 1573 361 1637 betur
374 1572 437 1637 ista
452 1574 641 1650 similitudo,
657 1579 694 1637 ut
708 1594 836 1656 quoquo
852 1575 946 1640 modo
959 1575 1176 1660 intellegatur,
1192 1596 1287 1659 quem
1303 1577 1342 1641 ad
1357 1595 1413 1640 mo
1426 1594 1445 1632 r

198 1723 200 1727 -
268 1680 343 1743 dum
359 1681 472 1744 borum
485 1681 581 1744 trium
592 1681 621 1744 iu
634 1681 739 1744 anima
749 1700 821 1745 cum
838 1682 965 1765 singula
979 1683 1107 1746 nomina
1121 1683 1337 1761 enuntiantur,
1352 1682 1413 1765 qni·

267 1787 327 1850 bus
348 1787 456 1850 eadem
477 1787 603 1870 singula
622 1788 889 1865 demonstrantur,
914 1793 1021 1853 tamen
1039 1789 1290 1871 unumquodque
1308 1808 1415 1854 nomen

267 1893 317 1956 bis
344 1893 447 1958 tribus
478 1895 721 1977 cooperantibus
751 1898 942 1972 enuntiatur,
972 1914 1045 1960 cum
1074 1899 1107 1960 et
1133 1896 1367 1960 reminiscendo
1388 1908 1416 1960 et

266 2000 479 2083 intellegendo
513 2007 545 2065 et
577 2001 713 2065 nolendo
748 2001 875 2079 dicitur,
909 2003 954 2065 its
981 2002 1102 2066 nullam
1130 2021 1202 2068 esse
1232 2006 1415 2068 creaturam.

267 2125 328 2186 qua
348 2106 401 2168 uel
421 2087 509 2170 solus
530 2109 620 2190 pater
638 2108 692 2170 uel
717 2108 805 2171 solus
829 2107 915 2171 filius
939 2108 993 2171 uel
1017 2108 1106 2172 eolus
1131 2109 1266 2190 spiritus
1291 2113 1416 2174 sanctus
1432 2123 1451 2159 e

267 2211 511 2288 demonstretur,
546 2231 639 2295 quam
669 2233 729 2276 non
759 2213 857 2277 simul
885 2214 1011 2278 trinitas
1041 2221 1199 2298 operetur,
1231 2235 1314 2297 quae
1342 2217 1417 2279 inse

266 2319 449 2399 parabiliter
468 2323 626 2401 operatur,
651 2339 687 2382 so
707 2340 763 2402 per
781 2321 841 2385 boe
865 2338 922 2384 nec
942 2337 1054 2384 uocem
1078 2323 1178 2402 patris
1202 2340 1262 2388 nec
1285 2322 1417 2386 animam

267 2429 299 2488 et
322 2444 447 2490 earnem
471 2427 529 2490 filii
553 2445 611 2490 nee
636 2427 817 2490 columbam
842 2426 974 2508 spiritns
999 2427 1101 2490 sancti
1124 2446 1196 2492 esse
1219 2429 1340 2492 factem
1362 2428 1418 2492 nisi

266 2531 375 2596 eedem
400 2537 589 2614 cooperante
614 2533 765 2598 trinitate.

221 2635 238 2698 7
308 2638 376 2704 Nec
401 2659 475 2703 sane
500 2659 596 2704 sonus
621 2640 676 2704 ille
702 2640 801 2716 uocis,
821 2640 876 2720 qui
900 2640 1049 2704 continuo
1073 2659 1145 2704 esse
1170 2640 1307 2716 destitit,
1332 2660 1453 2722 coepe

264 2749 352 2809 tatus
373 2749 422 2810 eet
440 2747 644 2811 inunitatem
664 2765 816 2829 personae
836 2747 937 2829 patris
957 2765 1014 2810 nec
1034 2747 1090 2811 illa
1110 2747 1279 2812 columbae
1298 2749 1422 2830 speeies

265 2855 436 2935 corporalis
466 2858 613 2936 coaptata
641 2854 749 2918 estin
779 2853 934 2917 unitatem
962 2871 1116 2934 personae
1145 2854 1280 2936 spiritus
1304 2855 1421 2919 sancti:

265 2978 337 3023 nam
371 2961 441 3042 ipsa
474 2981 602 3044 quoque
636 2963 721 3026 sicut
754 2961 855 3025 nubes
889 2961 944 3023 illa
973 2960 1092 3037 lucida,
1125 2981 1207 3042 quae
1237 2961 1364 3043 operuit
1392 2961 1423 3024 in

264 3071 371 3130 monte
397 3087 470 3131 eum
494 3069 597 3132 tribus
624 3068 792 3148 discipulis
818 3068 1020 3145 saluatorem,
1044 3068 1098 3130 nel
1121 3068 1231 3150 potius
1261 3066 1349 3131 sicut
1370 3065 1423 3130 ille

265 3172 358 3253 ignis,
398 3175 452 3254 qui
491 3175 625 3240 eundem
664 3175 813 3258 spiritum
853 3179 997 3238 sanetum
1036 3173 1280 3246 demonstrauit,
1319 3173 1458 3238 officior»

265 3279 510 3359 significationis
530 3285 663 3364 impleto
685 3303 756 3348 mor
781 3303 852 3346 esse
872 3282 1000 3346 desinit.
1025 3281 1081 3346 sed
1106 3281 1195 3346 solus
1221 3281 1327 3359 bomo,
1350 3281 1422 3363 quia

264 3391 394 3466 propter
429 3389 531 3469 ipsam
571 3395 715 3453 naturam
753 3389 948 3452 liberandam
986 3389 1043 3451 illa
1082 3389 1187 3452 omnia
1225 3387 1354 3452 fiebant.
1392 3387 1420 3449 in

265 3495 419 3559 unitatem
451 3517 602 3578 personae
631 3496 721 3560 uerbi
751 3496 811 3571 dei,
841 3495 901 3560 'noc
931 3497 980 3558 est
1008 3495 1093 3558 unici
1123 3494 1182 3558 filii
1210 3494 1262 3558 dei
1286 3493 1419 3557 mirabili

266 3607 298 3666 et
318 3603 471 3686 singulari
491 3605 695 3686 susceptione
716 3606 883 3684 coaptatus
904 3609 955 3666 est
972 3606 1175 3685 permanente
1194 3606 1299 3665 tamen
1326 3599 1420 3664 uerbo

355 3829 389 3880 23
409 3828 507 3882 Matth.
530 3829 571 3894 17,
592 3831 619 3891 b;
641 3829 722 3882 Marc.
743 3829 768 3896 9,
788 3831 818 3894 6;
839 3828 905 3882 Luc.
925 3830 950 3897 9,
969 3830 1005 3882 34
1059 3829 1095 3882 24
1115 3830 1176 3883 set.
1195 3829 1221 3894 2,
1241 3829 1258 3880 3

301 3951 474 4032 2aliudestl
491 3953 665 4007 eetaliudT
718 3952 1052 4022 quidde(om.eliud)P
1086 3952 1286 4008 deonerans
1317 3948 1417 4020 dqnod

268 4071 320 4137 est]
343 4035 422 4137 ipdern
442 4069 468 4121 P
567 4067 583 4120 8
603 4068 743 4136 intellegit
761 4069 792 4121 in
810 4069 865 4135 fine
883 4085 911 4121 a.
931 4086 982 4122 om.
1003 4067 1030 4120 P
1128 4069 1159 4122 ll
1180 4070 1263 4122 trium
1283 4068 1375 4121 horum
1397 4063 1420 4117 Y

270 4159 301 4211 lo
322 4163 449 4226 operetur
467 4157 626 4211 trinitasT
681 4159 713 4210 19
733 4162 863 4226 operante
881 4157 909 4210 P
962 4157 996 4210 20
1016 4157 1144 4211 continue
1169 4157 1195 4209 V
1240 4156 1273 4209 21
1294 4169 1418 4226 personae

268 4261 319 4298 ones.
342 4245 368 4297 T
420 4247 455 4298 22
476 4245 623 4316 corporalis
639 4262 699 4313 ome,
718 4263 753 4300 m.
773 4249 788 4296 1
807 4245 916 4297 erup
968 4247 1003 4298 23
1022 4245 1252 4315 111111111ε1ροε1.
1272 4243 1406 4298 muel.

268 4333 294 4385 P
347 4335 382 4386 26
403 4333 508 4396 desunt,
527 4352 561 4387 oe.
581 4340 596 4388 1
615 4351 684 4388 cor-r.
706 4333 808 4386 desiuit
826 4332 855 4386 R
873 4332 976 4386 desinit
999 4333 1026 4388 U
1078 4334 1113 4387 27
1133 4333 1225 4387 omnia
1243 4333 1290 4386 illa
1308 4333 1340 4386 Η
