3092 4959
280 399 345 462 648
636 393 662 448 S.
690 394 829 448 Aureli
857 394 1076 463 Augustini

279 589 429 671 compelli
457 588 602 654 homines
627 588 666 652 ad
690 588 876 654 conuiuium
900 589 1016 653 salutis
1039 591 1197 662 aeternae,
1225 591 1421 670 posteaquam

279 695 401 760 dietum
431 699 496 760 est:
529 695 686 759 Factum
719 699 788 772 est,
823 695 922 776 quod
953 694 1121 767 iussisti,
1155 698 1192 758 et
1224 693 1346 760 adbuc
1371 698 1424 758 est

277 803 398 883 locus,
419 805 487 882 eri,
506 803 622 886 inquit,
646 804 682 867 in
706 803 791 867 uias
811 805 849 867 et
868 821 1001 885 saepes
1021 806 1059 865 et
1076 801 1265 884 compelle
1283 801 1424 866 intrare.

277 915 478 994 quapropter,
503 911 530 974 si
550 910 756 974 ambularetis
776 909 877 990 quieti
900 913 987 974 extra
1008 909 1070 972 hoc
1093 907 1282 972 conuiuium
1305 912 1424 972 sanctae

277 1017 411 1082 unitatis
445 1015 609 1094 ecclesiae,
643 1019 807 1098 tamquam
837 1015 871 1079 in
894 1015 958 1080 niis
992 1033 1052 1080 uos
1083 1014 1318 1086 inueniremns;
1349 1034 1424 1078 nnnc
1451 1035 1461 1072 s

277 1141 363 1198 nero,
389 1123 464 1205 quia
483 1142 538 1205 per
556 1123 659 1187 multa
677 1123 762 1187 mala
785 1125 819 1186 et
840 1141 947 1200 saona,
972 1140 1053 1206 quae
1076 1122 1110 1185 iu
1133 1124 1262 1186 nostros
1286 1121 1425 1186 commit-

276 1230 356 1308 titis,
386 1233 551 1312 tamquam
579 1229 679 1312 spinis
704 1231 737 1294 et
760 1229 931 1312 asperitate
958 1227 1045 1311 pleni
1068 1228 1160 1305 estis,
1183 1245 1245 1293 noa
1269 1231 1426 1310 tamqnam

276 1336 307 1400 in
327 1336 478 1419 saepibus
497 1336 679 1401 inuenimus
698 1339 731 1400 et
748 1337 866 1400 intrare
886 1335 1119 1416 compellimus.
1142 1333 1199 1416 qui
1218 1334 1426 1416 compellitur.

277 1461 339 1525 quo
359 1463 420 1508 non
440 1445 520 1518 uult,
542 1444 676 1527 cogitur,
697 1441 763 1517 sed,
784 1461 857 1506 cum
875 1441 1052 1521 inuenerit,
1075 1443 1140 1506 iem
1154 1441 1270 1506 uolens
1283 1441 1427 1523 pascitur.

153 1544 158 1555 '
278 1549 390 1615 cohibe
414 1551 522 1632 itaque
544 1550 608 1614 iam
630 1550 778 1630 iniquum
802 1552 836 1612 et
856 1549 1040 1631 inpacatum
1064 1548 1217 1622 animum,
1241 1550 1335 1612 utin
1357 1568 1424 1612 uera
1442 1571 1464 1607 e

276 1657 412 1721 ecclesia
437 1655 556 1722 Christi
579 1656 722 1721 inuenies
748 1656 889 1720 salutare
912 1655 1107 1720 conuiuium.

743 1849 904 1916 CLXXIII
925 1851 963 1916 A.

277 1987 431 2043 DOMINIS
463 1987 732 2044 Dluuculssuurs
765 1989 917 2044 SANCTIS
944 1989 1149 2060 FRATRIBUS
1177 1989 1226 2044 ET
1254 1989 1426 2047 CONPRES·

275 2076 425 2131 BYTERIS
449 2075 683 2132 unoeusums
707 2077 752 2132 ΕΤ
777 2077 978 2133 ΤΗΕΟΒΟΒΟ
1001 2076 1049 2132 ΕΤ
1068 2077 1326 2136 counrlcorus
1345 2079 1425 2134 um·

500 2165 575 2220 ANO
595 2165 642 2220 ΕΤ
657 2164 792 2220 FRATRI
811 2165 940 2222 coulul
957 2166 1198 2224 AUGUSTINUS.
1443 2188 1464 2229 rs

322 2293 477 2374 Quamuis
497 2313 557 2358 non
577 2293 695 2358 litteris
714 2293 833 2359 uestris
852 2298 959 2360 tamen
982 2295 1162 2360 certissimo
1186 2301 1221 2359 et
1242 2294 1427 2360 fidelissimo

276 2400 387 2464 nuntio
422 2400 560 2482 comperi
592 2399 771 2465 desiderare
804 2419 864 2467 nos
897 2419 916 2464 a
946 2420 997 2465 me
1031 2401 1137 2478 scribi,
1171 2421 1236 2483 quo
1269 2403 1340 2466 sine
1366 2402 1427 2466 ulla

276 2507 475 2571 dubitatione
491 2525 527 2570 ac
542 2507 609 2571 sine
624 2508 692 2571 ulla
710 2507 916 2583 obscuritate,
936 2525 1017 2588 quae
1030 2508 1188 2589 penetrari
1202 2526 1222 2570 a
1235 2507 1427 2574 tardioribus

275 2631 334 2676 non
359 2616 476 2693 potest,
501 2611 580 2677 dens
605 2631 675 2676 esse
698 2613 850 2694 probetur
872 2613 1005 2697 spiritus
1029 2617 1169 2678 sanctus.
1192 2613 1328 2696 proinde
1351 2616 1427 2679 sciat

274 2719 467 2802 germanitas
487 2723 605 2796 uestra,
625 2724 781 2801 quantum
805 2720 1034 2804 scripturarum
1057 2725 1241 2784 sanctarum
1261 2720 1302 2785 de
1321 2722 1381 2786 bac
1397 2741 1426 2784 re
1441 2741 1463 2778 s

274 2825 458 2890 meminisse
483 2843 627 2908 possum,
652 2827 704 2890 cui
729 2827 809 2891 setis
833 2846 893 2892 nou
921 2827 1011 2904 facit,
1035 2825 1121 2908 quod
1143 2826 1225 2890 dicit
1246 2829 1426 2910 apostolus:

274 2932 1427 3018 Nescitis‚quiacorporanestratemplnminuobisestapiri·
1540 2926 1541 2995 3

276 3044 339 3102 tus
369 3043 503 3117 saneti,
532 3040 821 3121 qnem‘hebetis
846 3040 966 3115 adeo,
995 3044 1032 3104 et
1059 3058 1130 3104 non
1158 3040 1256 3104 estis
1286 3043 1427 3106 nestri?
1540 3086 1541 3097 r

275 3146 392 3228 empti
416 3146 514 3209 euim
539 3145 636 3210 estis
661 3146 785 3227 pretio
809 3166 951 3232 magno.
975 3146 1192 3231 glorificate
1216 3153 1254 3211 et
1276 3153 1427 3230 portate
1540 3160 1541 3177 ¹

364 3371 399 3424 22
418 3369 431 3422 Ι
451 3369 510 3425 Cor.
530 3372 555 3434 6,
577 3371 682 3426 19-20

313 3545 324 3598 1
346 3545 392 3614 ad]
413 3562 510 3600 uocare
530 3545 565 3600 ad
585 3551 692 3610 (uocare
713 3547 777 3612 del.)
796 3545 834 3600 Ρι
912 3547 1022 3602 2locus
1042 3553 1085 3601 est
1102 3547 1138 3600 Μ
1155 3548 1232 3602 locus
1249 3555 1315 3616 (ora.
1336 3561 1389 3605 esti
1408 3556 1429 3596 l'

273 3635 289 3687 3
310 3634 337 3686 in
358 3635 428 3704 nias]
448 3635 545 3688 ianuas
564 3634 595 3688 F
704 3637 721 3688 4
742 3637 897 3689 conuiuium
916 3636 1014 3689 salutis
1033 3641 1160 3690 aeternae
1180 3641 1209 3689 et
1228 3643 1343 3692 sanctae
1364 3641 1425 3692 lrru

311 3725 420 3778 sanctae
440 3723 489 3786 bis,
511 3723 628 3776 alterum
647 3721 745 3777 dcto
781 3726 920 3792 5tauqui‚
939 3741 973 3778 m.
994 3725 1202 3794 2lauquam0
1255 3743 1306 3781 nos
1326 3727 1428 3781 ΜΡ·

274 3816 357 3882 liper
376 3829 427 3866 ont.
446 3809 483 3864 P¹
576 3813 608 3866 10
629 3811 737 3866 cohibe*
757 3815 831 3882 (fuit
849 3817 872 3882 t)
890 3813 928 3868 Ρι
1004 3819 1061 3867 tam
1073 3813 1173 3882 sirm
1245 3816 1427 3886 inpeccatma.

275 3918 307 3954 m.
328 3904 348 3953 2
366 3901 547 3970 impaccatum
567 3900 605 3954 pr
662 3903 692 3955 11
715 3903 812 3966 saluta,
832 3919 866 3956 m.
886 3907 906 3956 2
924 3903 1044 3957 salutare
1062 3908 1090 3958 A

309 4075 389 4128 Haec
408 4077 528 4144 epistola
546 4077 577 4130 in
597 4094 652 4132 retro
675 4077 766 4132 codice
788 4077 1028 4134 Clseltenbamcnai
1047 4081 1123 4132 2173
1141 4080 1195 4148 (E)
1217 4081 1335 4135 irruens
1356 4100 1421 4135 rrae·

269 4166 391 4234 primum
410 4171 449 4219 est
467 4164 551 4218 edila.

312 4289 344 4340 15
365 4289 461 4341 comite
482 4289 522 4354 E;
542 4291 648 4343 sormi
667 4289 767 4344 Comiti
827 4293 861 4344 22
882 4297 947 4345 orate
966 4293 992 4344 in
1007 4308 1106 4359 parua
1123 4309 1182 4347 raa.
1199 4293 1231 4347 Ε
