3092 4959
261 354 325 415 202
618 351 645 405 S.
673 351 811 405 Aureli
838 351 1056 420 Augustini

261 549 448 610 aromata.
488 545 568 610 unde
606 546 770 626 apostolus
808 545 900 609 dicit:
942 544 1101 610 Christi
1143 545 1271 609 bonus
1314 545 1406 610 odor

261 671 397 715 sumus
417 651 453 715 in
475 651 579 716 omni
598 651 696 714 loco.
720 651 793 715 hinc
812 651 907 715 etiam
928 650 1045 714 dicitur
1062 652 1093 715 in
1114 651 1251 732 quodam
1270 652 1403 734 psalmo:

261 757 466 822 Conuerte.
515 758 684 833 domine,
732 759 1025 840 captiuitatem
1071 763 1250 822 nostram
1298 759 1405 822 sicut

259 875 419 930 torrens
449 866 486 928 in
516 869 667 941 austro,
692 865 913 946 captiuitatem
943 865 1078 940 scilicet,
1102 883 1166 946 qua
1193 865 1252 929 sub
1282 864 1404 930 diabolo

258 977 421 1053 tamquam
450 971 509 1034 sub
538 971 684 1053 aquilone
712 971 911 1048 tenebantur,
940 970 996 1035 ubi
1028 970 1207 1035 abundante
1240 971 1440 1054 iniquitates

258 1079 433 1162 friguerant
456 1083 487 1141 ot
512 1078 648 1159 quodam
672 1077 766 1142 modo
792 1079 1044 1160 congelauerant.
1063 1076 1136 1142 hinc
1155 1079 1239 1142 enim
1263 1083 1296 1142 et
1315 1097 1405 1142 euan-

260 1187 378 1269 gelium
417 1184 507 1249 dicit:
547 1182 741 1263 Quoniam
781 1185 1007 1248 abundabit
1042 1185 1257 1266 iniquitas,
1294 1185 1404 1250 refri-

260 1297 400 1376 gescet
429 1292 580 1356 caritas
609 1292 839 1356 multorum.
868 1296 900 1354 at
928 1310 1003 1355 uero
1032 1291 1126 1355 flante
1156 1297 1264 1355 austro
1288 1291 1404 1375 glacies

258 1399 430 1464 resoluitur
454 1401 486 1462 et
508 1401 662 1462 torrentes
686 1397 800 1472 fluunt,
824 1397 857 1460 id
886 1401 935 1461 est
956 1398 1097 1479 peccatis
1128 1399 1271 1462 remissis
1298 1399 1404 1481 populi

258 1506 297 1569 ad
325 1504 487 1570 Christum
516 1505 646 1570 caritate
675 1509 874 1570 concurrunt.
900 1505 973 1569 binc
997 1508 1029 1569 et
1051 1504 1128 1569 alibi
1158 1507 1315 1586 scriptum
1343 1512 1402 1569 ast:
1420 1527 1440 1564 o

260 1613 376 1678 Sicut
399 1613 559 1696 glacies
579 1612 616 1676 in
641 1631 784 1677 sereno
809 1613 867 1674 ita
890 1612 1112 1676 aoluuntur
1134 1616 1306 1695 peccata
1328 1618 1402 1677 tua

79 1717 186 1782 XXlIl
201 1718 242 1780 56
301 1719 437 1784 Proinde
460 1719 623 1783 rationalis
653 1723 796 1782 creatura
824 1719 893 1783 siue
917 1719 949 1782 in
973 1719 1117 1802 angelico
1142 1719 1257 1801 spiritu
1281 1719 1352 1784 sius
1373 1719 1401 1782 in

257 1826 362 1890 anima
389 1825 527 1889 humana
553 1825 599 1887 ita
626 1825 710 1888 facta
739 1828 799 1902 est,
827 1829 865 1887 ut
886 1824 949 1888 sibi
976 1825 1046 1908 ipsa
1073 1825 1200 1904 bonum,
1223 1844 1286 1906 quo
1316 1826 1403 1890 beata

257 1931 322 2009 fiat,
347 1953 417 1998 esse
441 1951 500 1996 non
530 1931 642 2015 possit,
668 1930 723 1994 sed
752 1930 949 1996 mutabilitas
979 1932 1059 2006 eius,
1084 1931 1112 1996 si
1140 1937 1346 1997 concertatur
1367 1931 1403 1995 ad

256 2039 516 2104 incommutabile
543 2038 672 2116 bouum,
701 2037 758 2101 fiat
784 2037 890 2112 beat-m
924 2037 1007 2102 unde
1036 2038 1064 2103 si
1091 2042 1265 2113 auertatur,
1292 2040 1402 2104 misera
1419 2057 1440 2096 o

257 2153 316 2210 est.
345 2146 469 2210 auersio
503 2145 572 2209 eius
604 2145 720 2209 uitium
754 2145 824 2208 eius
852 2148 885 2207 et
912 2145 1077 2210 conuersio
1111 2146 1212 2209 uirtus
1245 2145 1316 2210 eius
1347 2149 1401 2209 est.

257 2259 370 2316 natura
388 2271 461 2336 ergo
481 2271 541 2316 non
561 2255 610 2314 est
630 2253 722 2329 mala,
737 2252 812 2335 quia
830 2258 974 2317 creatura
992 2251 1125 2334 spiritus
1144 2251 1230 2315 uitae
1243 2252 1402 2316 rationalis

258 2360 353 2423 etiam
382 2360 506 2440 priuata
534 2359 626 2435 bono,
656 2359 746 2423 ouius
780 2359 1021 2442 participatione
1053 2357 1262 2436 beatificatur,
1292 2357 1325 2422 id
1355 2364 1403 2421 est

259 2467 354 2530 etiam
374 2466 492 2530 uitiosa
509 2467 622 2530 molior
640 2473 690 2530 est
709 2485 848 2549 corpore,
869 2468 951 2549 quod
971 2485 1131 2530 summum
1152 2469 1202 2530 est
1219 2465 1251 2528 in
1271 2466 1402 2548 eorpori-

258 2573 329 2651 bus,
353 2573 386 2635 id
409 2577 459 2637 est
482 2573 540 2637 hac
564 2573 646 2649 luce,
668 2591 748 2654 quae
768 2573 904 2637 sentitur
922 2573 1026 2637 oculis
1044 2573 1158 2648 carnis,
1182 2573 1258 2654 quia
1281 2578 1315 2636 et
1336 2571 1402 2654 ipsa
1417 2591 1439 2627 o

258 2699 372 2763 corpus
401 2683 460 2749 est,
488 2681 574 2744 omni
602 2684 708 2743 autem
738 2697 868 2762 corpore
896 2678 1059 2760 quaelibet
1085 2680 1268 2761 incorporea
1295 2683 1403 2742 natura

257 2789 469 2871 praestantior
491 2806 552 2851 non
577 2786 670 2860 mole,
696 2786 770 2866 qnia
793 2787 917 2850 nonnisi
945 2805 1112 2867 corporum
1136 2790 1186 2850 est
1213 2787 1325 2863 moles,
1348 2784 1402 2849 sed

257 2893 291 2958 ui
305 2893 449 2976 quadam,
466 2912 528 2975 qua
547 2893 786 2975 supergraditur
805 2911 928 2956 omnem
944 2893 1153 2974 phantasiam,
1169 2910 1264 2974 quam
1280 2893 1404 2956 uolutat

257 3001 380 3064 animus
410 2999 558 3063 haustam
586 2997 623 3061 de
652 2999 800 3062 sensibus
825 3001 975 3081 corporis.
1000 2998 1056 3062 aad
1083 3017 1178 3080 quem
1206 2997 1246 3062 ad
1274 2997 1401 3062 modum

348 3244 408 3297 111
424 3244 483 3298 Cor.
498 3243 523 3308 2,
540 3243 644 3296 14-15
682 3241 866 3308 3Ps.125,4
904 3241 1033 3296 uhatth.
1047 3243 1091 3310 24,
1108 3243 1140 3296 12
1181 3241 1401 3305 llEccli.3,li

296 3373 303 3420 1
328 3367 396 3421 dixit
418 3367 443 3420 T
512 3365 688 3436 dirigerent,
708 3383 741 3418 m.
761 3371 776 3418 1
795 3381 864 3419 corr.
884 3365 1034 3434 friguerant
1052 3365 1079 3418 L
1152 3364 1222 3418 enirn
1243 3367 1282 3434 et]
1304 3366 1403 3420 etenim

257 3455 285 3508 N
305 3455 423 3508 enimT
475 3454 504 3507 in
524 3454 695 3523 euangelium
714 3453 741 3506 L
760 3455 788 3506 in
808 3453 951 3521 euangelio
968 3451 1030 3506 NT
1082 3452 1217 3507 idicitur
1240 3453 1266 3507 Τ
1318 3454 1402 3507 abun·

257 3546 334 3597 dauit
351 3543 433 3597 LON
437 3542 462 3595 T
523 3543 683 3612 requiescet,
701 3543 732 3595 in
750 3558 836 3612 marg.
855 3559 890 3596 aa.
909 3547 924 3594 1
941 3541 1102 3610 refrigescet
1119 3541 1153 3594 N
1166 3541 1320 3611 refrigescit
1333 3543 1403 3610 Eup.

255 3635 332 3702 Sat]
352 3637 399 3686 aut
419 3631 444 3684 J,
513 3632 634 3686 9fluent
652 3631 723 3700 Eup.
791 3633 824 3685 10
844 3631 939 3684 christi
961 3630 986 3682 T
1055 3631 1178 3697 caritate,
1195 3648 1230 3684 oa.
1250 3632 1317 3685 2in
1335 3633 1404 3686 cari-

255 3731 313 3776 tate
335 3722 361 3775 G
380 3721 569 3776 caritatemT
610 3720 639 3773 ll
662 3721 804 3774 soluentur
823 3720 853 3772 N
864 3723 887 3787 s
894 3721 962 3772 lrm
980 3735 1031 3774 aec.
1049 3736 1120 3776 saer.
1142 3721 1193 3775 litt.
1233 3721 1266 3773 13
1284 3719 1408 3775 bouaN

258 3814 289 3865 14
307 3811 357 3864 fiat
375 3835 437 3862 a...
456 3811 522 3878 (fuit
536 3827 552 3863 a
566 3812 623 3877 fiat)
639 3810 663 3862 L
703 3810 734 3862 lc
755 3810 908 3876 concessio}
929 3809 1069 3862 conuersio
1089 3809 1148 3862 eius
1162 3808 1224 3862 edd.
1265 3811 1297 3863 17
1318 3809 1404 3876 uitae}

256 3901 313 3954 uita
337 3905 378 3953 est
404 3899 433 3951 N
446 3902 506 3966 sua
529 3899 602 3952 uitae
625 3925 637 3950 ι
662 3897 761 3965 Uulsca
784 3895 842 3950 aoid.
867 3903 892 3962 e)
923 3897 950 3951 R
976 3897 1051 3950 uitae
1079 3901 1123 3950 est
1144 3895 1230 3951 Lar
1255 3903 1314 3952 cett.
1342 3897 1405 3952 aad

257 3993 289 4043 la
309 3989 401 4058 etiam]
421 4005 490 4056 quae
511 3989 592 4041 etiam
611 3987 641 4040 N
653 3988 692 4054 fl
703 4003 753 4040 rm
801 3988 833 4040 lu
853 3987 973 4054 corpora!
994 4003 1026 4039 ao
1046 4003 1157 4056 corpore
1175 3987 1210 4039 N
1217 3989 1272 4054 sm
1318 3989 1353 4041 20
1373 4003 1405 4040 ae

255 4079 491 4146 LGlm.2lracr
583 4079 717 4130 sentiatur
735 4083 761 4135 (a
779 4075 931 4140 m.1rlcl.)
954 4074 979 4126 Τ
1067 4076 1099 4129 21
1121 4080 1278 4146 estcorpus
1302 4075 1405 4130 Tadu

291 4167 380 4220 omnis
402 4167 424 4216 l)
484 4165 606 4233 qualibet
625 4163 705 4217 LOR
759 4163 1056 4232 repraesentans.
1076 4167 1096 4215 2
1114 4168 1157 4217 est
1175 4167 1358 4232 praestantior
1378 4167 1405 4220 G

255 4255 439 4324 praestantior
456 4259 498 4306 est
521 4253 545 4306 Τ
562 4271 587 4305 m
660 4252 738 4316 nrale,
758 4269 793 4304 m.
813 4256 832 4304 2
850 4251 920 4304 mole
942 4250 968 4304 G
1040 4251 1179 4306 moles·L
