3092 4959
541 378 806 449 epistularum
835 375 912 430 CXL.
1236 375 1298 438 167

153 583 269 661 potest.
294 577 364 641 ideo
388 575 499 640 mortis
523 575 605 640 diem
631 594 739 640 omnes
768 572 897 656 quidem
926 573 1109 638 adfuturum
1140 573 1247 638 sciunt
1269 575 1302 634 et

153 705 224 750 eum
253 688 359 748 tamen
388 702 498 747 omnes
526 687 582 747 aut
610 701 708 764 paene
731 700 841 745 omnes
865 681 988 744 differre
1013 684 1176 758 conantur,
1204 683 1300 747 etiam

154 792 209 875 qui
237 795 310 872 post
338 792 471 854 mortem
500 809 534 853 se
566 789 691 853 beatius
725 787 857 852 credunt
889 806 960 852 esse
993 789 1149 863 uicturum
1182 793 1302 853 tantam

155 899 252 962 habet
279 899 345 960 uim
374 897 475 960 carnis
506 901 537 960 et
566 897 687 960 animae
716 895 809 958 dulce
838 894 1043 958 consortium.
1072 914 1177 959 nemo
1207 896 1303 960 enim

123 1023 327 1087 sumquam
355 1022 500 1066 carnem
526 1022 627 1066 suam
654 1001 739 1065 odio
763 999 899 1064 habuit
916 1005 948 1064 et
967 1007 1133 1084 propterea
1152 1021 1213 1066 non
1232 1004 1305 1067 uult

156 1110 323 1174 animauel
334 1109 373 1172 ad
383 1112 510 1193 tempus
526 1110 564 1172 ab
580 1109 648 1172 eius
664 1107 759 1172 etiam
773 1107 957 1171 infirmitate
972 1108 1143 1186 discedere,
1158 1112 1305 1192 quemuis

158 1237 228 1280 eam
261 1236 295 1280 se
327 1217 395 1280 sine
426 1215 611 1280 infirmitate
643 1215 675 1278 in
708 1221 870 1278 aeternum
901 1219 1099 1297 recepturam
1132 1237 1202 1282 csse
1235 1239 1306 1284 oon-

158 1323 245 1388 fidat.
269 1323 399 1404 proinde
427 1326 532 1386 mente
561 1321 703 1386 seruiens
736 1321 801 1404 logi
834 1320 885 1385 dei
917 1341 1007 1386 came
1040 1328 1147 1387 antem
1179 1327 1308 1391 trahens

159 1429 315 1494 desideria
352 1429 485 1512 peccati,
518 1429 633 1512 quibus
672 1428 819 1492 oboedire
856 1433 945 1492 uetat
982 1431 1158 1510 apostolus,
1192 1435 1307 1498 mentis

116 1536 290 1619 mquidem
311 1537 430 1600 ratione
450 1535 648 1617 concupiscit
667 1535 762 1599 homo
783 1535 855 1616 pius
877 1535 1041 1600 dissolui
1065 1543 1102 1600 et
1125 1558 1207 1603 esse
1227 1559 1308 1604 cum

163 1642 324 1716 Christo,
354 1642 409 1706 sod
438 1642 470 1705 id
498 1661 594 1706 sensu
623 1642 724 1705 carnis
753 1645 882 1706 recusat
908 1647 940 1706 et
967 1643 1086 1727 refugit
1114 1650 1155 1713 et.
1184 1647 1211 1712 si
1242 1647 1310 1712 fieri

162 1748 276 1832 possit,
296 1768 356 1812 nou
377 1749 449 1812 uult
473 1747 654 1831 expoliari
678 1748 741 1811 sed
766 1751 1028 1831 superuestiri‚
1052 1755 1093 1814 nt
1116 1753 1311 1819 absorbea-

164 1863 225 1920 tur
249 1856 406 1919 mortale
431 1875 448 1917 a
471 1855 563 1927 uite,
592 1854 625 1918 id
654 1859 703 1918 est
730 1859 766 1918 ut
794 1856 832 1917 ab
861 1855 1044 1921 infirmitate
1071 1859 1110 1920 ad
1138 1859 1312 1926 inmortali-

165 1968 264 2026 tatem
290 1962 384 2026 etiam
409 1962 515 2044 ipsum
540 1979 654 2042 corpus
679 1962 746 2024 sinc
771 1965 873 2025 monte
897 1962 1001 2026 media
1023 1965 1240 2030 transferatur.

48 2073 91 2135 Π
121 2095 146 2135 rs
211 2067 274 2133 Sed
298 2069 375 2131 haec
402 2069 505 2140 uerba,
530 2067 646 2149 quibus
671 2067 828 2130 humanus
856 2067 980 2132 diceet
1008 2071 1092 2135 uitae
1120 2073 1216 2138 huius
1244 2095 1314 2158 pro-

168 2175 274 2239 lixitas
299 2173 544 2255 concupiscitur,
568 2174 666 2238 uerba
689 2178 764 2236 sunt
787 2173 977 2238 delictorum
1002 2180 1034 2240 et
1055 2177 1150 2261 louge
1178 2185 1252 2245 sunt
1276 2184 1314 2245 ab

169 2302 206 2348 ea
229 2281 345 2357 salute,
369 2279 459 2344 cuins
484 2279 621 2344 nondum
645 2299 710 2344 rem
732 2280 792 2342 'sed
815 2281 878 2344 iam
902 2301 991 2362 spem
1016 2284 1167 2366 gerimus,
1192 2287 1229 2351 de
1254 2308 1316 2370 qua

169 2389 324 2472 scripturn
355 2392 413 2460 est,
442 2387 517 2469 quia
546 2405 609 2467 spe
638 2386 735 2450 salui
770 2387 861 2450 facti
895 2408 1039 2465 sumus;
1074 2411 1159 2473 spes
1193 2399 1315 2459 autem

170 2514 262 2577 qnae
287 2493 448 2572 uidetur,
473 2513 540 2557 non
566 2497 623 2557 est
647 2513 743 2575 spes.
763 2493 897 2574 ideoque
918 2497 950 2557 et
968 2495 999 2558 in
1018 2497 1080 2560 isto
1100 2501 1224 2581 psalmo
1244 2521 1316 2566 cum

121 2631 150 2670 20
171 2601 319 2666 dixisset:
346 2601 455 2674 Deus,
480 2601 570 2664 deus
596 2619 711 2676 meus,
736 2601 883 2682 respice
908 2621 976 2676 me;
1002 2623 1114 2684 quare
1139 2627 1195 2671 me
1220 2608 1318 2673 dere-

169 2707 347 2789 liquisti?
377 2707 525 2770 continuo
555 2705 735 2788 subiungit:
765 2707 890 2790 Longe
914 2727 932 2771 a
955 2710 1079 2774 salute
1104 2733 1182 2776 mea
1207 2715 1319 2778 uerba

171 2814 401 2878 delictorum
424 2833 599 2891 meorum,
623 2813 654 2875 id
679 2817 729 2875 est
753 2814 830 2876 haec
854 2815 951 2878 uerba
970 2816 1156 2882 delictorum
1179 2841 1318 2886 meorum

172 2925 248 2985 sunt
272 2929 304 2984 et
327 2923 420 3002 longe
445 2926 519 2983 sunt
542 2920 580 2983 ab
606 2919 660 2982 illa
685 2920 788 2983 salute
812 2941 892 2994 mea,
913 2941 1006 3002 quam
1026 2925 1104 2987 mihi
1124 2947 1183 2990 non
1203 2931 1321 2994 ueteris

173 3027 230 3092 sed
257 3027 332 3092 noui
362 3028 543 3091 testamenti
576 3027 678 3110 gratia
709 3027 889 3108 pollicetur.
924 3049 1114 3112 quamquam
1148 3034 1243 3099 etiam
1277 3038 1322 3101 sic

123 3161 154 3202 25
175 3135 331 3218 distingui
361 3139 481 3216 potest:
516 3133 627 3207 Deus,
657 3133 749 3196 deus
782 3153 896 3211 niens,
930 3138 1074 3218 respice
1108 3160 1175 3209 me:
1210 3162 1322 3223 quare

265 3291 370 3361 lupo.
391 3293 415 3356 5,
435 3292 469 3344 29
533 3291 744 3356 unomen,
805 3291 1026 3359 luridum
1083 3295 1162 3349 1211
1183 3299 1323 3366 Cor.5,4

176 3383 211 3437 18
231 3383 308 3436 Rom.
328 3381 354 3442 ὃ,
374 3380 410 3432 24
464 3381 498 3433 20
518 3379 561 3433 l's.
581 3379 660 3446 21‚2

215 3492 225 3541 l
253 3489 349 3541 mortis
375 3487 482 3556 quidem
507 3485 579 3538 diem
604 3502 696 3538 omnes
724 3486 779 3539 GT
801 3486 872 3539 diem
896 3489 991 3540 mortis
1015 3507 1107 3543 omnes
1132 3493 1240 3561 quidem
1265 3496 1325 3549 edd.

177 3579 261 3648 3qui
280 3594 341 3643 oua,
361 3593 395 3628 m.
416 3581 435 3627 2
453 3574 519 3628 add.
541 3575 566 3626 Τ
638 3575 757 3627 uicturos
778 3592 836 3627 esse
858 3575 884 3628 G
953 3580 1070 3645 tantum,
1088 3597 1123 3632 m.
1143 3585 1158 3632 1
1179 3598 1247 3639 corr.
1265 3587 1327 3637 tau.

179 3667 282 3721 tarnG
335 3668 398 3718 isc
418 3665 445 3716 in
465 3665 517 3717 fine
537 3665 640 3716 siuem
690 3664 818 3716 Straens
838 3664 971 3732 desidera,
989 3667 1110 3734 m.2(?)
1129 3687 1198 3725 corr.
1217 3673 1327 3726 trahens

179 3754 362 3810 desideriaL
461 3752 695 3806 9oboediriRT
800 3754 1327 3826 12seruperrm.2snper)uestiriG

181 3847 215 3899 13
235 3845 361 3911 mortale!
383 3841 456 3910 quod
473 3841 587 3894 mortale
608 3843 649 3893 est
668 3841 699 3892 N
716 3859 741 3893 m
759 3858 810 3895 sec.
836 3841 913 3911 Valp.
1000 3848 1031 3894 ut
1049 3848 1145 3900 om.O
1229 3848 1329 3902 inmor-

179 3932 329 3999 talitatem]
350 3931 535 3984 infirmitatem
554 3931 592 3997 (in
612 3934 681 3996 carp.)
706 3931 729 3982 T
832 3933 864 3983 14
883 3948 948 3997 mor,
967 3949 1001 3984 m.
1020 3936 1036 3983 1
1054 3933 1090 3998 (?)
1111 3951 1179 3990 corr.
1199 3941 1285 3989 morte
1305 3937 1330 3988 L

182 4025 214 4076 17
235 4023 278 4090 ea}
294 4022 344 4074 illa
360 4019 415 4074 GT
469 4020 502 4072 19
523 4035 574 4087 que
594 4035 654 4081 oua,
674 4019 878 4073 m.2udd.T
949 4021 1331 4091 inom.‚m.1(?)add.G

180 4111 217 4165 20
237 4111 303 4164 deus
323 4125 399 4163 meus
418 4107 483 4161 deus
504 4125 579 4160 meus
598 4107 657 4160 edd.
673 4115 824 4175 praetera
915 4111 969 4178 me]
989 4112 1017 4162 in
1036 4127 1079 4164 me
1099 4112 1158 4165 edd.
1178 4131 1228 4169 rec.
1252 4115 1331 4184 Vulgi.

181 4201 216 4254 21
237 4199 357 4252 subiecit
373 4195 408 4250 N
458 4198 492 4250 23
512 4196 545 4249 nb
566 4197 614 4248 illa
633 4196 721 4248 solute
741 4204 885 4249 mearunt
904 4198 962 4250 edd.
1032 4201 1066 4252 25
1086 4200 1152 4254 deus
1170 4219 1246 4256 meus
1266 4203 1332 4257 deus

181 4305 260 4342 mens
279 4287 340 4342 cdd.
357 4291 470 4354 praeter
490 4303 507 4338 a
580 4285 634 4352 morl
656 4285 683 4337 in
704 4301 745 4338 me
765 4286 825 4337 edd.
845 4303 894 4342 sec.
919 4287 998 4356 Vulgi.
