3092 4959
222 403 285 468 186
575 399 601 453 S.
630 398 768 453 Aureli
797 397 1015 467 Augustini

218 594 311 661 uelut
332 611 406 660 cera
428 593 585 676 liquescat
607 593 791 658 humanum.
815 593 900 674 quod
923 591 1007 656 unde
1030 592 1062 656 in
1084 590 1141 656 illo
1158 589 1228 656 fieri
1247 593 1369 673 posset

220 701 274 784 qni
303 703 555 784 potestatem
583 699 722 764 habebat
748 698 923 781 ponendi
965 701 1005 763 et
1041 697 1272 780 recipiendi
1305 697 1370 760 eni-

218 827 304 872 mam
346 810 459 872 susm?
506 806 562 871 sed
603 805 745 888 proiecto
789 807 844 869 aut
877 804 1073 868 infirmorum
1106 823 1237 868 suorum
1268 803 1302 868 in
1335 823 1370 868 se

217 914 383 980 transtulit
411 931 540 978 causam
570 913 639 977 siue
671 911 812 988 illorum,
841 911 897 994 qui
923 911 1037 975 mortis
1069 914 1158 975 metu
1190 915 1371 994 patescunt

218 1023 304 1088 sicut
323 1022 396 1104 ipse
413 1020 529 1086 Petrus
552 1039 588 1084 ex
612 1018 739 1103 egregio
758 1021 998 1102 praesumptore
1016 1021 1083 1082 tam
1106 1017 1216 1082 creber
1236 1020 1371 1102 negator
1399 1039 1415 1077 s

219 1127 363 1205 effectus,
386 1127 455 1192 siue
479 1126 618 1202 iliorum,
642 1127 697 1207 qui
724 1124 858 1190 tristitia
885 1124 1006 1189 salubri
1033 1124 1264 1190 contabescunt
1285 1123 1372 1189 sicut

218 1235 302 1300 idem
331 1234 400 1316 ipse
428 1233 554 1310 Petrus,
583 1252 656 1296 cum
689 1249 818 1296 amare
846 1231 973 1296 fleuit
1001 1268 1044 1277 -
1072 1250 1143 1295 nam
1172 1233 1205 1295 et
1236 1229 1372 1294 tristitia

219 1341 309 1425 queei
338 1341 437 1405 soluit
465 1358 527 1417 cor,
555 1339 639 1404 unde
668 1338 788 1404 dicitur·
818 1339 914 1403 etiam
945 1337 1065 1403 Graece
1094 1337 1179 1420 quod
1211 1336 1371 1420 appellato

218 1450 261 1514 sit
283 1448 363 1533 tta-p
386 1483 440 1524 -‚
465 1450 520 1511 aut
544 1450 628 1511 certe
643 1443 838 1528 profundum
857 1448 1089 1509 sacramentum
1108 1463 1165 1510 noe
1184 1444 1370 1527 intellegere

218 1553 331 1632 uoluit,
355 1557 392 1619 ut
420 1553 524 1619 cordis
553 1554 603 1618 sui
631 1553 757 1618 nomine
785 1551 979 1636 significaret
1007 1551 1180 1633 scripturas
1203 1567 1291 1627 suas,
1314 1549 1369 1614 nbi
1386 1572 1416 1610 ιο

218 1661 287 1725 eius
315 1660 426 1742 utique
453 1659 575 1724 latebat
603 1659 784 1734 consilium,
813 1658 898 1742 quod
924 1662 1000 1723 tunc
1028 1667 1172 1740 apertum
1206 1660 1266 1734 est,
1296 1675 1368 1721 cum

218 1787 266 1843 ea,
291 1787 370 1850 quae
395 1768 433 1832 de
457 1767 513 1831 illo
537 1766 725 1850 prophetata
748 1765 887 1842 luerunt,
910 1784 1025 1847 passus
1053 1763 1212 1849 impleuit.
1245 1761 1368 1828 solutae

218 1879 293 1939 sunt
316 1893 390 1958 ergo
415 1874 590 1955 scripturae
614 1873 684 1938 eius
707 1877 739 1938 in
768 1872 829 1949 his,
854 1891 934 1954 quae
961 1870 1102 1954 perfecta
1125 1874 1202 1936 sunt
1228 1869 1367 1936 aduentu

218 1981 298 2058 eius,
312 1981 491 2058 munitate,
507 1981 666 2064 passione,
681 1978 919 2056 resurrectione,
933 1977 1171 2063 glorificatione.
1191 1977 1265 2059 quis
1284 1976 1368 2042 enim

218 2107 255 2152 ee
276 2089 340 2153 iam
364 2107 424 2168 non
448 2087 608 2172 intellegit
629 2086 660 2150 in
684 2085 859 2168 prophetis,
882 2085 1006 2166 quando
1030 2103 1131 2167 usque
1159 2083 1200 2148 ed
1226 2083 1416 2148 intellec-1⁶

217 2199 287 2258 tum
315 2194 412 2260 etiam
440 2194 573 2260 carnalis
603 2191 820 2256 multitudinis
847 2194 1081 2273 peruenerunt?
1110 2209 1205 2272 quam
1231 2192 1368 2255 fortasse

218 2300 414 2384 significauit
441 2301 546 2365 medio
575 2299 695 2365 uentris
725 2299 785 2375 sui,
813 2299 908 2362 utin
937 2299 1006 2363 eins
1035 2317 1174 2382 corpore,
1203 2295 1291 2380 quod
1320 2300 1369 2360 est

218 2406 363 2482 ecclesia,
396 2407 487 2488 quasi
520 2405 641 2470 uentris
678 2407 785 2469 locum
824 2403 940 2468 habeat
976 2404 1111 2469 camelis
1149 2407 1183 2467 et
1217 2403 1370 2468 infirmior

218 2513 402 2587 multitudo,
427 2515 492 2588 aut,
518 2512 545 2578 ei
568 2513 689 2577 nent-ris
712 2530 825 2576 nomen
850 2511 953 2593 magis
977 2509 1180 2576 interioribus
1204 2510 1368 2593 competit

220 2617 258 2683 ad
282 2638 335 2684 eos
363 2620 471 2703 potius
495 2619 713 2703 perfectiorem
738 2618 968 2700 scripturarum
990 2617 1189 2681 intellectum
1212 2617 1419 2699 pertinerem

219 2729 431 2790 monstratum
460 2729 519 2800 est,
548 2743 620 2789 cum
649 2724 810 2797 cercius,
839 2723 871 2787 id
899 2727 949 2788 est
976 2723 1151 2806 scripturae
1178 2723 1259 2800 eius,
1288 2741 1369 2806 qnae

220 2831 382 2895 continent
410 2830 578 2896 consilium
608 2829 687 2903 eius,
715 2829 747 2893 in
779 2830 883 2894 medio
912 2847 1031 2906 eorum,
1059 2829 1119 2894 hoc
1147 2831 1198 2894 est
1222 2829 1255 2892 in
1284 2828 1369 2913 cogi-

220 2937 339 3002 tatione
377 2956 485 3002 ecrum
523 2940 686 3018 tamquam
723 2955 796 3000 cera
832 2935 1031 3013 dissolutor,
1063 2935 1124 3000 hoc
1160 2938 1211 3000 est
1244 2935 1369 2999 feruore

219 3043 350 3126 spiritus
375 3044 524 3127 aperitur,
549 3043 740 3127 disputatur,
765 3043 940 3124 exponitur.

309 3291 325 3341 2
345 3288 402 3342 roh.
424 3289 465 3356 ro,
487 3289 519 3341 1e
605 3289 621 3340 e
641 3287 739 3340 naath.
759 3288 803 3355 ee,
823 3288 929 3340 cs-at
1020 3285 1152 3343 inach.
1171 3287 1215 3354 ee,
1236 3287 1282 3351 75;
1302 3287 1367 3341 nuc.

220 3377 262 3444 22,
282 3379 317 3430 ca

257 3501 402 3570 lucullus
422 3501 492 3568 (fnit
510 3499 597 3568 ra)T
669 3517 730 3554 cere
748 3517 800 3554 ona.
820 3499 931 3554 LORG
1014 3501 1109 3571 possit,
1127 3517 1162 3553 aa.
1181 3503 1202 3554 2
1220 3516 1293 3555 coar.
1309 3500 1367 3554 uid.

219 3594 313 3661 posset
334 3590 359 3644 G
378 3590 518 3660 potestT
597 3589 734 3644 2hebest
755 3589 808 3644 OT
888 3591 950 3643 3in
968 3607 998 3643 se
1016 3589 1174 3643 suommT
1257 3589 1369 3643 4metu

219 3680 314 3733 mortis
337 3679 363 3732 Τ
379 3678 438 3732 edd.
531 3677 653 3732 teren.-
673 3682 790 3746 negator
806 3678 896 3732 iactus
914 3678 946 3732 N
1039 3679 1132 3748 tipee
1151 3679 1250 3732 Petrus
1268 3694 1321 3734 osc
1339 3676 1374 3730 N

219 3769 383 3822 8dissoluit
401 3769 434 3822 N
503 3767 609 3822 dicetur
627 3768 654 3822 L
726 3765 811 3838 quod]
832 3767 904 3837 quod
923 3768 987 3822 hinc
1009 3767 1089 3823 ORG
1143 3767 1369 3838 appellata-nos

219 3875 270 3912 om.
293 3857 319 3910 Τ
371 3858 468 3927 tlype
487 3856 571 3911 LRG
590 3858 670 3927 lyppe
691 3857 788 3927 Olipe
806 3858 837 3912 N
907 3861 979 3911 terte
1000 3858 1026 3912 G
1087 3860 1117 3911 11
1138 3857 1233 3927 ntique
1251 3873 1286 3911 cs
1302 3873 1369 3924 roe„

214 3946 452 4014 suitutriqueT
542 3947 575 3999 12
594 3946 703 3999 fuerant
720 3945 780 3999 ΝΤ
869 3947 901 3999 13
922 3950 1069 4014 ergosunt
1091 3946 1117 4000 Τ
1223 3945 1369 4013 iisslrss

222 4036 254 4089 15
272 4035 326 4088 iam
346 4051 379 4088 ea
396 4035 457 4089 cdd.
514 4035 545 4088 17
566 4036 594 4088 in
613 4034 713 4088 om.T
768 4036 801 4087 18
820 4033 941 4088 hebetet
961 4033 987 4086 Τ
1040 4036 1080 4104 et]
1100 4033 1234 4088 ctiamN
1280 4032 1369 4087 sent

220 4125 278 4192 eos}
299 4122 375 4176 atico
398 4123 423 4176 G
495 4122 696 4192 perfectiorem]
721 4122 916 4192 perlectionem
934 4121 994 4176 ΒΤ
1014 4121 1050 4176 ad
1067 4122 1257 4193 perfectiorem
1278 4121 1305 4176 G
1323 4121 1368 4190 qui

220 4211 394 4281 perfectiores
413 4215 476 4264 sunt
494 4211 528 4264 N
542 4212 636 4279 firm
717 4211 908 4280 scripturarum
928 4215 959 4264 ct
975 4211 1144 4265 intellectum
1167 4210 1193 4263 Τ
1263 4210 1368 4266 231οο

220 4301 274 4369 est]
293 4300 345 4354 hoc
364 4316 389 4367 q,
411 4300 437 4354 G
491 4301 525 4353 24
545 4299 666 4369 aperitur
685 4299 840 4369 disputetur
857 4315 908 4354 em.
926 4299 960 4352 N
