3092 4959
300 363 365 425 216
654 362 680 418 S.
708 363 851 417 Aureli
878 365 1096 435 Augustini

300 574 357 620 nos
390 554 560 621 admoneus
594 561 626 622 et
658 561 800 643 exemplo
833 580 891 626 ouo
929 561 1094 626 exhortans
1126 561 1156 625 in
1190 559 1354 645 euangelio
1383 577 1430 621 ouo

298 663 427 728 locotus
456 667 515 729 est.
544 665 573 729 oi
600 669 706 730 autem
733 668 814 750 ipae,
843 686 916 731 cum
943 667 975 731 in
1008 669 1109 734 forma
1140 668 1192 732 dei
1224 667 1363 750 aequalia
1391 672 1431 728 est

299 769 391 853 patri,
415 773 520 835 tamen
542 791 598 854 per
620 774 755 837 formem
779 774 873 854 nerui,
898 793 993 856 quam
1011 777 1139 858 propter
1155 793 1214 839 nos
1233 772 1364 855 accepit,
1381 789 1431 834 non

300 895 390 941 suam
420 877 618 943 uoluntatem
647 879 703 944 sed
730 881 830 962 patrie
858 900 893 946 oe
920 882 1022 946 faeere
1050 880 1296 958 commendauit,
1329 883 1431 962 quanto

300 983 403 1066 magis
427 1003 484 1048 uos
508 987 634 1068 propria
655 987 844 1069 priuataque
865 991 974 1052 nostra
991 989 1156 1053 uoluntate
1175 991 1365 1069 contempta,
1381 1003 1432 1065 qua
1454 1009 1463 1047 s

299 1090 455 1155 tenebrati
479 1111 602 1171 surmus,
625 1093 665 1156 ad
687 1093 768 1159 illud
792 1113 960 1159 commune
981 1094 1100 1174 lumen,
1117 1098 1154 1158 ut
1172 1095 1393 1159 inlumiuemur
1406 1100 1432 1152 et

301 1196 411 1260 nultus
444 1200 543 1263 nostri
576 1219 636 1265 non
670 1199 866 1278 erubescant,
900 1200 1052 1265 debemus
1084 1200 1243 1278 accedere,
1275 1199 1359 1282 quod
1390 1197 1432 1260 in·

301 1304 477 1368 luminat
501 1326 652 1372 omnem
676 1308 876 1372 hominem
899 1308 1131 1372 uenientem
1154 1307 1192 1371 in
1217 1307 1321 1371 huno
1344 1325 1432 1370 muo-

301 1410 400 1488 dum,
425 1415 462 1474 ut
485 1413 589 1477 anima
612 1417 720 1478 nostra
744 1414 805 1496 ipsi
832 1415 937 1479 uiuat!
965 1415 1026 1479 hoo
1054 1416 1137 1479 enim
1164 1415 1261 1478 etiam
1289 1413 1327 1478 de
1354 1411 1433 1477 nobis

301 1523 531 1599 consequenter
545 1520 700 1604 adiungit,
720 1541 792 1585 cum
812 1521 906 1587 dicit:
925 1522 974 1586 ut
992 1541 1124 1586 semen
1143 1541 1270 1586 meum
1290 1519 1432 1585 seruiet
1447 1543 1465 1579 o

301 1623 379 1701 illi,
408 1627 568 1708 quoniam,
599 1629 664 1709 qui
695 1628 870 1692 seminat
892 1628 1037 1693 bonum
1066 1647 1210 1704 semen,
1234 1626 1354 1692 filius
1383 1629 1433 1688 est

300 1731 494 1808 hominis;
524 1733 667 1799 bonum
697 1737 829 1799 eutem
860 1753 992 1799 semen
1021 1735 1061 1798 hi
1090 1739 1184 1798 sunt
1211 1734 1298 1798 filii
1321 1731 1432 1815 regni.

123 1824 230 1890 XXlX
245 1827 286 1889 (59
346 1839 433 1904 Haeo
460 1859 551 1922 porro
580 1841 695 1918 omnia,
724 1842 863 1923 quaein
897 1841 1019 1924 psalmo
1048 1842 1111 1906 isto
1144 1841 1230 1905 dicta
1261 1844 1345 1916 eunt,
1371 1838 1435 1921 quia
1533 1908 1534 1915 ἵ

302 1964 362 2010 non
392 1945 432 2009 ad
459 1965 609 2029 praesens
637 1951 764 2030 tempus
793 1947 850 2012 aed
878 1947 917 2012 ad
944 1948 1122 2012 futurorum
1155 1947 1354 2031 prophetiam
1379 1963 1433 2027 per·
1533 1928 1534 2009 1

301 2051 453 2126 tinebant,
478 2054 564 2118 sicut
587 2054 682 2118 otiam
705 2055 786 2137 ipsis
809 2055 904 2118 rebus
928 2057 1067 2136 apparet,
1092 2054 1138 2118 sic
1161 2073 1235 2118 eum
1262 2052 1435 2118 concludere
1449 2068 1467 2111 o

301 2158 415 2234 uoluit,
436 2163 471 2223 ut
496 2159 676 2223 ostenderet
693 2179 727 2224 so
746 2179 808 2224 non
825 2160 1004 2243 praesentia
1022 2160 1235 2224 demonstrare
1253 2160 1307 2224 uel
1325 2175 1436 2222 narrare

302 2266 471 2348 praeterita
503 2264 559 2331 sed
595 2265 704 2329 futura
736 2267 932 2349 prophetare.
975 2264 1302 2342 adnuntiabitur,
1333 2263 1436 2345 inquit

303 2372 461 2438 domino
492 2373 705 2458 generatio
734 2377 908 2438 uentura
936 2377 975 2438 et
1003 2371 1306 2438 adnuntiabunt
1332 2367 1436 2435 inati-

303 2479 398 2544 tiam
419 2480 507 2543 eius
527 2479 689 2561 populo,
706 2479 770 2561 qui
786 2483 989 2558 nascetur,
1006 2499 1119 2562 quem
1135 2480 1237 2544 fecit
1252 2477 1436 2543 dominae.

303 2605 364 2652 non
396 2586 457 2651 ait:
486 2584 734 2650 Adnuntiabitur
770 2585 917 2650 dominus
955 2587 1147 2670 generationi
1179 2589 1344 2665 uenturae,
1375 2580 1436 2648 eod:
1451 2607 1470 2644 o

303 2691 629 2758 Adnuntiabitur
653 2691 811 2758 domino
837 2693 1050 2777 generatio
1074 2697 1255 2757 uentura
1280 2691 1364 2775 quod
1383 2707 1437 2754 nou

303 2799 350 2864 sic
378 2798 595 2881 accipiendum
624 2803 683 2876 est,
711 2803 876 2881 tamquam
907 2799 1060 2864 nescienti
1088 2799 1208 2882 aliquid
1236 2797 1438 2863 adnuntietur.

302 2910 340 2971 ut
363 2906 452 2982 sciat,
474 2905 529 2972 sed
553 2905 638 2971 siout
655 2906 843 2970 adnuntiant
861 2905 965 2991 angeli
983 2927 1043 2971 noo
1064 2906 1169 2972 solum
1188 2906 1279 2972 nobie
1298 2901 1439 2971 beneficia
1532 2902 1533 2969 1

304 3012 355 3077 dei
382 3032 493 3077 uerum
522 3013 617 3077 etiam
645 3013 693 3077 illi
721 3031 831 3095 preces
859 3016 993 3080 nostras.
1021 3034 1093 3079 nam
1121 3016 1275 3097 scriptum
1308 3014 1363 3083 eat
1392 3007 1438 3074 ubi
1532 3066 1533 3097 p

304 3120 435 3204 angelus
451 3120 632 3185 hominibus
648 3119 739 3184 dicit:
756 3120 837 3204 Ego
854 3120 988 3184 obtuli
1004 3120 1235 3185 memoriam
1250 3117 1438 3185 orationis
1453 3137 1472 3176 a
1532 3136 1533 3153 ³

303 3231 478 3306 uestrae,
508 3247 567 3292 non
592 3231 628 3293 ut
655 3231 731 3292 tunc
761 3227 839 3291 deus
869 3226 1001 3304 nouerit,
1031 3226 1107 3310 quid
1136 3226 1274 3291 uelimus
1302 3227 1352 3291 uel
1383 3242 1438 3308 quo
1532 3224 1533 3227 ’

393 3436 500 3492 2Pni1.
519 3437 545 3498 2,
565 3437 634 3490 6-7
697 3435 791 3490 tlon.
812 3436 871 3496 1,9
945 3436 978 3489 10
998 3436 1042 3488 Po.
1061 3436 1105 3499 21,
1126 3435 1158 3489 31
1234 3435 1265 3488 11
1286 3435 1382 3490 Maon.
1402 3433 1438 3488 13.

304 3524 411 3578 37-38
468 3525 499 3577 17
520 3525 564 3578 Ps.
584 3527 627 3589 21,
646 3525 681 3579 32
736 3525 769 3580 25
790 3525 857 3580 Tob.
879 3525 919 3592 12,
940 3526 973 3578 12

342 3647 355 3700 1
377 3648 526 3702 admonens
545 3665 593 3702 noe
614 3649 647 3701 N
692 3651 708 3703 2
729 3652 770 3702 eet
788 3649 869 3718 patri,
887 3665 921 3702 m.
940 3654 956 3701 1
973 3664 1042 3704 corr.
1062 3652 1136 3702 eseet
1152 3649 1225 3719 patri
1243 3647 1271 3703 R
1289 3653 1360 3702 earet
1374 3644 1439 3715 patri

305 3737 365 3794 edd.
384 3754 434 3792 aee.
458 3735 535 3808 Vulp.
595 3737 928 3808 3propternosom.1'
989 3737 1151 3792 daccedere
1170 3737 1205 3792 ad
1222 3737 1314 3792 lumen
1331 3733 1440 3806 quodi}

305 3828 423 3882 9etiam
437 3843 488 3881 om.
504 3826 564 3880 edd.
603 3826 634 3879 ll
650 3826 702 3896 illi]
717 3827 771 3896 ipei
788 3825 934 3881 GNTacc.
954 3826 1031 3896 Vulp.
1087 3827 1215 3881 catilius
1229 3826 1263 3880 N
1296 3821 1443 3881 labiim

341 3916 391 3971 filii
410 3919 473 3970 eunt
494 3915 551 3970 GT
658 3917 690 3968 13
708 3915 736 3969 iu
755 3916 809 3969 isto
830 3915 933 3985 psalmo
952 3915 983 3968 N
1062 3917 1126 3985 qnia
1143 3931 1177 3969 ex
1195 3931 1275 3979 corr„
1292 3915 1349 3984 fait
1364 3911 1397 3982 qd
1414 3909 1443 3963 n'

307 4007 339 4060 17
359 4005 464 4059 futura·
483 4005 508 4057 T
569 4004 657 4073 inquit
676 4021 725 4057 om.
741 4003 801 4057 LN
871 4004 904 4057 18
923 4004 1125 4058 annuntiabunt
1144 4004 1211 4057 coeli
1230 4004 1362 4059 iustitiam
1372 4003 1394 4070 s
1399 4002 1409 4054 1
1417 4019 1440 4053 m

304 4111 355 4148 aec.
373 4093 448 4163 Volo.
485 4095 520 4148 20
535 4093 627 4148 dnoO
681 4093 822 4162 generatio
841 4094 869 4149 R
923 4097 1039 4148 uentura
1056 4093 1083 4145 L
1136 4093 1171 4147 23
1191 4093 1358 4160 adnunfient,
1374 4095 1442 4146 aa?

306 4182 516 4238 adnuntianti?
607 4185 641 4236 24
660 4183 702 4236 illi
721 4198 771 4236 ooo.
792 4183 851 4236 LN
937 4184 971 4236 26
991 4182 1095 4236 <leuem
1112 4183 1140 4237 R
1221 4182 1276 4251 qui,
1295 4186 1440 4236 m.1eorr.

307 4271 416 4341 quidL
488 4272 544 4341 uel]
565 4277 595 4326 ut
613 4271 639 4324 L
658 4275 705 4326 aut
723 4271 755 4324 N
