3092 4959
395 364 661 434 epistularum
689 364 817 420 CXXXV.
848 366 990 424 CXXXVI.
1225 375 1268 440 93

606 559 778 627 CXXXVI.

153 699 303 754 DOMINO
321 699 460 755 NlIIIUII
477 699 698 756 vunnansslul
716 699 764 754 ΕΤ
783 699 948 756 OMNIBUS
967 701 1051 756 MIHI
1071 701 1228 760 eunicus

185 787 297 846 uulua
313 789 558 846 Puuconnnno
577 789 685 844 PATRI
703 789 913 845 AUGUSTINO
932 790 1197 880 unucuuunius

54 918 70 980 l
162 917 221 981 Vir
236 917 382 983 inlustris
400 917 596 982 Volusianus
614 917 822 983 beatitudinis
841 921 917 982 tuae
936 918 1014 982 mihi
1033 919 1157 983 litteras
1177 920 1267 1004 legtt,

84 1046 97 1084 s
115 1023 216 1088 immo
234 1043 287 1088 me
306 1023 434 1106 quidem
453 1028 584 1108 cogente
598 1024 742 1106 pluribus
757 1024 847 1107 legit,
863 1043 954 1107 66666,
968 1025 1045 1090 lieet
1058 1026 1172 1107 omnia,
1188 1046 1267 1110 quae

116 1134 185 1194 ate
209 1129 368 1207 dicuntur,
392 1149 467 1195 uere
489 1131 632 1195 miranda
654 1132 728 1208 sint,
753 1151 855 1214 usque
880 1151 1004 1215 quaque
1027 1135 1162 1198 miratus
1187 1153 1268 1200 sum.

114 1238 273 1302 sermonis
297 1238 380 1302 enim
404 1237 505 1302 diuini
524 1239 625 1322 gratia
647 1238 813 1303 humiliter
835 1241 963 1304 tumens
988 1239 1091 1318 facile,
1111 1241 1268 1324 6661666-

114 1349 174 1422 666,
190 1345 336 1410 emeruit.
354 1345 428 1410 hine
448 1345 530 1410 enim
548 1345 720 1428 plurimum
740 1344 871 1427 placuit,
887 1344 970 1427 quod
985 1346 1122 1411 hominis
1138 1366 1267 1430 gressus

114 1453 280 1535 aliquanto
312 1451 488 1517 titubantes
520 1452 594 1517 boni
626 1451 782 1534 propositi
815 1451 1030 1518 exhortatione
1063 1456 1203 1518 statuere
1237 1457 1269 1518 et

71 1583 96 1621 ιο
113 1557 242 1623 fimare
269 1559 443 1624 contendis.
470 1561 520 1623 est
546 1558 629 1623 enim
657 1558 748 1623 nobis
778 1577 851 1622 oum
880 1558 989 1623 eodem
1022 1559 1180 1624 cotidiana
1211 1579 1267 1644 pro

113 1665 242 1730 uiribus
265 1665 434 1731 nostriset
455 1684 511 1750 pro
534 1666 653 1749 Ingenii
675 1669 863 1748 paupertate
887 1665 1073 1748 disputatio,
1094 1669 1221 1732 sanetae
1241 1668 1269 1732 si

114 1771 248 1854 quidem
270 1773 382 1837 metris
406 1772 475 1836 eius
498 1772 677 1855 precatione
701 1773 888 1855 compulsus
913 1791 988 1836 oure
1010 1773 1089 1838 mibi
1118 1777 1167 1838 est
1195 1793 1267 1840 eum

112 1879 313 1960 frequentius
337 1878 508 1957 salutandi,
530 1878 609 1943 lieet
631 1879 736 1944 uioem
759 1879 791 1942 in
817 1879 874 1944 beo
901 1883 992 1963 parte
1018 1878 1148 1946 reddere
1172 1881 1268 1946 otiam

111 1987 184 2068 ipse
205 1987 360 2070 dignatur.
379 1989 509 2069 accepta
527 1990 634 2051 autem
652 1987 904 2052 uenerabilitatis
923 1989 997 2052 tuae
1012 1987 1150 2071 epistula
1162 1989 1268 2067 homo,

69 2115 93 2153 n
114 2095 172 2176 qui
202 2112 222 2157 a
247 2112 341 2158 uerae
369 2092 443 2158 fidei
470 2093 646 2160 stabilitate
674 2093 860 2168 multorum,
884 2113 1018 2175 quorum
1047 2093 1078 2157 in
1108 2092 1167 2158 huo
1191 2094 1268 2159 urbe

114 2200 212 2284 eopia
229 2205 290 2277 est,
307 2200 511 2284 persuasione
529 2203 708 2280 reuocetur,
726 2201 772 2265 ita
791 2204 898 2266 motus
918 2203 977 2278 est,
994 2203 1041 2278 ut,
1057 2200 1095 2278 si,
1115 2203 1269 2284 quantum

226 2406 258 2462 Ε
281 2431 315 2454 =
334 2408 393 2463 666.
414 2405 663 2464 Obeltenbnmensis
682 2410 759 2462 21⁷3
776 2423 798 2462 a.
817 2407 854 2463 X.

228 2495 255 2549 T
279 2521 314 2544 =
333 2497 391 2550 666.
410 2495 574 2565 Repineenn
593 2501 647 2552 331
663 2515 685 2551 s.
705 2497 743 2554 X.

224 2584 263 2639 Μ
278 2609 313 2630 --
331 2583 588 2639 conmonuemus
608 2587 689 2638 6266
706 2600 728 2638 a.
748 2583 786 2638 X.

224 2675 253 2728 A
278 2699 311 2720 =
330 2672 713 2742 666666666666661666666
733 2676 780 2740 76,
801 2676 828 2736 8,
850 2675 867 2726 9
884 2689 906 2726 a.
926 2671 1048 2726 X-XI.

227 2763 252 2817 0
277 2787 310 2810 =
330 2761 389 2817 md.
410 2750 569 2816 Corinenses
586 2760 648 2814 16¹⁹
664 2778 686 2816 a.
706 2761 762 2814 XI.

224 2852 253 2906 P
278 2877 312 2898 =
330 2851 389 2907 666.
408 2851 559 2906 Parisinus
576 2867 642 2905 non.
662 2866 722 2919 666.
740 2853 818 2904 1444
835 2865 857 2906 s.
877 2850 933 2903 XI.

223 2944 251 2998 R
277 2965 312 2988 =
331 2940 389 2996 666.
407 2939 485 2994 Mna.
502 2940 576 2994 Brit.
596 2938 663 3008 1166.
685 2941 703 2992 6
720 2939 752 2994 D
776 2938 818 2994 VI
834 2955 856 2992 e.
877 2938 1037 2992 XI-XII.

146 3119 165 3171 2
184 3117 355 3186 nimiumque
366 3114 509 3170 MAGPR
522 3115 583 3170 eoa
637 3112 792 3168 uenenrbili
806 3113 856 3181 (sic
866 3116 886 3180 1)
900 3113 928 3166 P
981 3117 1009 3168 et
1027 3112 1056 3167 iu
1075 3112 1199 3166 omnibus
1217 3114 1266 3168 GP

108 3206 230 3261 3iratri
246 3205 276 3258 P
311 3203 506 3260 4161666161*
556 3203 621 3272 1661,
639 3220 674 3256 m.
694 3201 846 3272 2166160
884 3201 1026 3256 566111666
1043 3200 1184 3256 MAOPR
1202 3201 1264 3258 edd.

103 3295 254 3367 praeteri
307 3295 418 3364 turre]
437 3310 496 3347 rum
516 3307 579 3346 uere
597 3292 625 3346 R
643 3308 671 3345 m
690 3291 835 3360 quieuere
856 3295 914 3346 6611.
934 3290 994 3345 666.
1073 3293 1139 3344 sunt
1156 3291 1183 3344 A
1202 3290 1263 3346 edd.

102 3392 225 3456 praeter
241 3401 268 3438 n
322 3398 463 3454 aequaque
480 3381 506 3435 Τ
539 3381 616 3452 766]
637 3381 783 3445 66111166.
804 3382 882 3446 266)
901 3381 929 3432 Δ
982 3380 1089 3450 plaeere
1107 3383 1136 3432 te
1155 3379 1263 3443 meruit,

106 3492 144 3530 m.
164 3478 188 3528 2
206 3473 327 3543 placeret
345 3473 460 3526 emeruit
476 3470 539 3524 ΜΡ
555 3471 664 3540 plaeere
683 3474 712 3524 te
731 3468 832 3522 meruit
848 3471 876 3524 A
976 3469 992 3522 8
1011 3466 1128 3522 hominis
1147 3467 1171 3534 (s
1190 3483 1224 3520 m.
1245 3470 1264 3521 2

107 3563 193 3630 666.)
207 3577 337 3630 egressus,
351 3559 443 3627 fnisse
459 3559 518 3614 nid.
537 3558 641 3613 homini
656 3573 781 3628 egressus
790 3557 818 3611 P
834 3555 938 3610 homini
953 3572 1077 3625 egressus
1089 3555 1114 3609 C
1124 3556 1264 3610 homiuum

107 3667 240 3722 egressus
252 3649 287 3704 Μ
306 3654 373 3718 (raa.
387 3649 491 3703 bomini
510 3650 646 3716 egressus)
659 3647 687 3701 A
700 3645 840 3700 bominum
855 3661 964 3714 gressus
977 3643 1005 3700 R
1042 3645 1058 3700 9
1074 3643 1108 3698 ad
1123 3644 1265 3714 aIIquanta

105 3738 261 3795 titubantis
273 3737 330 3792 ΕΤ
348 3738 395 3806 661
414 3737 585 3806 aliquantum
602 3733 728 3789 titubant
745 3733 887 3803 aliquanto
902 3733 1053 3787 tltubsntes
1067 3731 1104 3786 Μ
1117 3737 1162 3798 (m.
1177 3731 1263 3790 2661.

106 3830 253 3899 aliquanto
266 3827 430 3892 titubantes)
441 3825 521 3880 ACR
536 3826 601 3895 quia
612 3825 781 3893 aliquantum
792 3823 914 3877 tItubant
924 3821 1064 3890 aliquanto
1074 3821 1228 3875 titubantes
1238 3820 1266 3874 P

143 3915 392 3973 exhortationem
430 3915 463 3969 10
476 3914 591 3968 formare
605 3911 747 3966 MAOPR
791 3913 821 3966 11
838 3909 986 3980 disputatio
1004 3907 1030 3961 Τ
1066 3909 1098 3962 13
1113 3907 1261 3976 salutandi]

105 4003 251 4062 salutandi
264 4004 355 4075 gratia
368 4003 511 4058 conuenire
525 4001 586 4056 666.
642 4001 725 4054 etiam
738 4001 761 4071 1,
780 4017 815 4053 m.
830 4003 849 4054 2
868 3998 950 4052 etiam
971 3997 994 4050 ei
1005 3995 1036 4050 Ε
1071 3997 1106 4048 14
1124 3993 1262 4063 dignatur,

103 4115 141 4150 m.
162 4099 185 4150 2
204 4093 335 4164 61666666
352 4092 380 4147 Ρ
397 4091 526 4162 dignetur
544 4089 605 4145 666.
698 4090 731 4142 lb
751 4089 798 4158 661
817 4105 842 4154 6,
860 4105 895 4142 m.
915 4089 935 4140 2
954 4086 1000 4156 qui
1019 4085 1052 4138 ad
1072 4085 1103 4138 E
1119 4083 1182 4153 quia
1204 4081 1265 4136 ΤΜ

104 4201 193 4276 (corr.
213 4185 260 4253 661
280 4185 307 4249 a)
325 4182 380 4238 ΔΡ
397 4186 443 4248 (n.
463 4185 482 4236 2
501 4181 592 4250 6616)
664 4193 729 4232 uere
747 4177 883 4232 11661161·
901 4176 957 4230 neri
977 4174 1022 4228 dei
1040 4172 1184 4228 MACPR
1201 4171 1262 4226 666.

144 4272 304 4328 stabilitate
324 4287 385 4325 nen
402 4286 459 4324 ras.
478 4285 560 4339 super
579 4285 593 4323 e
612 4267 675 4322 ΜΡ
692 4266 874 4320 stabilitatem
894 4263 976 4318 ΕΤΔ
