3092 4959
253 210 294 273 14
612 208 638 261 S.
667 205 808 261 Aureli
834 207 1052 277 Augustini

251 403 405 467 ecclesiae
426 402 579 467 dominari
594 401 821 477 existimamur,
837 422 893 467 nos
913 402 1027 487 opibus
1046 403 1118 467 frui.
1138 406 1297 485 postremo
1318 405 1416 486 quic·

253 510 330 592 quid
350 510 388 574 de
408 511 479 575 istis
499 528 556 575 nos
576 511 767 593 accepimus,
789 529 846 574 nos
866 510 919 573 uel
939 510 1044 574 adbuc
1066 510 1269 591 possidemus
1288 511 1357 583 uel,
1374 516 1417 573 ut

253 616 384 698 placuit,
400 617 616 700 erogenimus;
632 615 712 680 nihil
724 615 797 680 inde
812 617 929 699 populo
946 620 1032 679 extro
1047 617 1231 681 clericatum
1250 618 1306 681 uel
1322 622 1419 680 extra

255 722 480 787 monesterium
510 724 685 787 constituto
717 722 780 787 nisi
812 722 1014 805 paucissimis
1047 722 1265 806 indigentibus
1297 724 1419 807 largiti

255 850 378 894 sumus.
408 848 469 895 non
499 848 573 913 ergo
603 829 684 907 dico,
709 829 784 910 quis
811 830 865 893 uel
892 830 923 893 in
948 849 1004 894 nos
1024 831 1159 893 maxime
1183 850 1201 893 a
1224 831 1320 894 uobis
1346 830 1419 894 dici
1449 854 1461 893 s

254 936 317 1000 ista
345 935 528 1011 debuerunt,
557 954 669 999 uerum
697 938 803 1000 tamen
836 936 868 999 in
903 954 959 999 nos
994 934 1079 1025 solos
1114 936 1310 1000 credibiliter
1345 936 1418 1001 dici

255 1046 436 1123 potuerunt.
462 1040 539 1124 quid
563 1060 637 1124 ergo
657 1041 833 1106 faciemus?
859 1061 920 1124 qus
939 1060 1007 1116 nos,
1028 1042 1056 1106 si
1075 1041 1158 1124 apud
1178 1041 1328 1106 inimicos
1349 1062 1419 1107 non

255 1166 437 1229 possumne,
458 1148 571 1211 saltem
592 1147 674 1231 apud
697 1167 756 1213 uos
780 1148 902 1212 ratione
921 1151 1118 1232 purgamus?
1142 1168 1191 1212 res
1211 1149 1288 1212 baec
1310 1148 1420 1213 animi

255 1258 315 1330 est,
335 1254 420 1318 intus
445 1257 503 1330 est,
524 1254 634 1335 procul
658 1254 695 1319 ab
722 1255 824 1319 oculis
849 1258 970 1318 secrete
992 1254 1173 1318 mortalium
1199 1254 1256 1319 deo
1279 1258 1419 1319 tautum

256 1360 349 1425 modo
374 1365 447 1425 nota
472 1363 529 1426 est.
560 1361 635 1443 quid
665 1380 738 1444 ergo
767 1364 866 1424 restat
892 1360 955 1425 nisi
983 1360 1076 1425 deum
1105 1361 1226 1437 testari,
1251 1361 1304 1425 cui
1335 1367 1419 1425 nota
1439 1385 1461 1421 o

256 1470 325 1532 est?
354 1486 426 1531 curn
455 1486 528 1551 ergo
558 1466 596 1531 de
625 1468 715 1531 nobis
743 1467 807 1531 isto
835 1467 971 1544 sentitis,
1003 1486 1062 1531 non
1096 1465 1290 1549 praecipitis,
1322 1467 1418 1548 quod

255 1575 356 1638 multo
381 1573 496 1636 melius
521 1578 571 1637 est
595 1576 626 1637 et
650 1573 735 1656 quod
758 1574 837 1637 mibi
861 1574 891 1637 in
917 1573 1055 1656 epistula
1077 1576 1133 1636 tue
1151 1576 1317 1653 tamqnam
1342 1574 1418 1636 cul-

255 1680 359 1762 pabile
387 1680 587 1745 obiciendum
615 1679 745 1763 putasti,
776 1680 832 1745 sed
865 1681 992 1745 omnino
1027 1678 1153 1763 cogitis,
1183 1682 1220 1742 ut
1249 1679 1417 1746 iuremus.

257 1806 316 1850 non
336 1787 490 1850 intentato
511 1790 599 1849 metu
618 1786 730 1851 mortis
750 1788 851 1851 carnis
871 1791 1009 1867 nostrae,
1026 1786 1110 1868 quod
1128 1787 1265 1868 populus
1283 1786 1418 1869 Hippo-

256 1892 375 1956 niensis
393 1892 508 1956 lecisse
527 1896 658 1974 putatus
679 1896 737 1971 est,
758 1894 814 1957 sed
833 1894 986 1958 intentato
1007 1896 1094 1957 rnetu
1112 1891 1225 1955 mortis
1244 1891 1417 1956 existimu—
1439 1916 1461 1955 ιε

257 2000 352 2063 tionis
377 2004 511 2076 nostrae,
537 2019 616 2081 quae
640 2004 768 2083 propter
790 2000 942 2077 infirmos,
967 2000 1083 2080 quibus
1108 2018 1165 2063 nos
1188 1999 1341 2080 praebere
1373 2000 1418 2063 ad

258 2105 435 2188 exemplum
459 2106 612 2170 bonorum
637 2126 766 2187 operum
792 2108 1015 2190 qualicumque
1044 2106 1282 2171 conuersatione
1313 2125 1417 2171 conn-

257 2233 338 2292 mur‚
363 2214 457 2277 etiarn
481 2214 566 2277 nitus
591 2214 692 2278 carnis
716 2214 814 2279 huius
837 2215 949 2296 utique
972 2213 1191 2296 praeponenda
1214 2217 1273 2275 est.

214 2320 234 2381 o
302 2320 420 2383 Verum
448 2326 552 2384 tamen
582 2321 675 2385 uobis
704 2340 759 2385 nos
788 2321 834 2385 ite
866 2321 1065 2403 cogentibus,
1094 2323 1131 2383 ut
1162 2321 1315 2397 iuremus,
1348 2339 1416 2384 non

258 2446 492 2509 suscensemns,
526 2427 611 2492 sicut
644 2447 700 2492 uos
733 2428 1004 2510 Hipponiensibus
1038 2428 1241 2491 suscensetis.
1274 2426 1416 2491 creditis
1435 2450 1460 2487 s,

258 2535 342 2597 enim
365 2537 526 2617 tamquam
552 2534 694 2599 homines
720 2535 757 2598 de
782 2536 963 2600 hominibus
988 2535 1049 2599 etsi
1073 2554 1119 2612 ea,
1143 2553 1222 2615 quac
1251 2533 1283 2596 iu
1313 2534 1416 2598 nobis

258 2660 319 2705 non
348 2644 433 2717 sunt,
462 2660 520 2704 non
550 2643 654 2705 tamen
687 2662 733 2717 en,
764 2662 843 2723 quse
876 2643 907 2705 in
941 2642 1031 2706 nobis
1065 2660 1135 2705 esse
1167 2658 1227 2703 nou
1260 2645 1416 2722 possunt.

258 2747 395 2811 sananda
414 2749 476 2811 ista
499 2747 529 2811 in
554 2748 658 2823 uobis,
678 2768 738 2813 non
763 2748 941 2813 accusanda
965 2753 1040 2812 sunt
1063 2754 1095 2811 et
1114 2752 1219 2811 nostre
1241 2747 1417 2829 purganda

258 2854 350 2917 nobis
371 2860 420 2918 est
438 2854 532 2929 fama,
553 2856 579 2919 si
599 2860 649 2917 est
668 2855 795 2920 domino
814 2860 951 2938 purgate
970 2854 1173 2919 conscientie.
1198 2852 1251 2934 qui
1268 2851 1416 2919 fortasse

258 2960 440 3045 praestabit,
465 2961 549 3025 sicut
573 2965 654 3037 unte,
680 2982 775 3043 quum
799 2962 969 3026 accidisset
997 2962 1060 3024 ista
1087 2959 1264 3042 temptatio,
1288 2976 1353 3041 ego
1380 2966 1417 3025 et
1434 2980 1460 3019 ss

256 3070 352 3133 freter
380 3086 471 3133 meus
499 3068 633 3151 Alypius
667 3069 827 3133 conlocuti
861 3088 983 3142 sumus,
1014 3071 1050 3130 ut
1081 3085 1141 3132 non
1174 3065 1277 3130 solum
1309 3066 1415 3131 uobis

258 3176 430 3240 carissimis
463 3176 684 3238 commembris
719 3176 836 3239 nostris
870 3194 981 3239 uerum
1018 3174 1114 3237 etium
1150 3173 1229 3253 ipsis
1265 3170 1415 3238 inimicis

257 3280 459 3345 notissimum
483 3279 539 3344 fiet
562 3282 648 3345 nulls
672 3301 729 3345 nos
754 3281 928 3364 cupiditate
951 3280 1104 3363 pecuniae
1128 3278 1158 3342 in
1181 3278 1276 3342 rebus
1304 3279 1415 3343 eccle·

257 3387 397 3451 siesticis
417 3388 578 3451 sordidari.
604 3387 688 3469 quod
708 3388 806 3451 donee
825 3388 890 3464 fist,
911 3387 938 3451 si
958 3386 1103 3451 dominus
1125 3384 1262 3452 donabit,
1282 3388 1319 3447 ut
1339 3385 1414 3464 fiat,

255 3513 330 3558 ecoe
345 3513 424 3557 nunc
440 3494 574 3571 interim
592 3494 674 3577 quod
690 3496 843 3579 cogimur,
859 3495 1005 3569 fecimus,
1020 3513 1057 3557 ne
1072 3492 1173 3557 uestri
1187 3490 1289 3556 cordis
1304 3492 1414 3556 medi·
1433 3514 1459 3553 eo
1531 3487 1532 3570 3

349 3616 381 3670 16
401 3616 454 3670 Tit.
474 3618 534 3673 27
1531 3667 1532 3672 ,

295 3704 924 3772 lnoscm.l't'locustitut·o(fuiti)1l
968 3701 1418 3773 iquiquuo(oicras.)V

258 3793 437 3863 Spurgernus
459 3800 483 3859 (e
503 3812 537 3847 m.
558 3798 577 3847 2
597 3796 624 3848 in
643 3794 756 3861 rus.)V
792 3796 825 3847 10
840 3793 905 3862 quirl
919 3795 1085 3862 ergo-nota
1100 3795 1141 3843 est
1155 3787 1251 3842 ouuU
1287 3789 1320 3840 14
1337 3789 1413 3858 Hip·
1531 3789 1532 3792 ’

257 3884 384 3951 ponensis
403 3884 462 3937 edd.
530 3886 561 3937 lb
581 3884 762 3937 intentetuT
816 3886 848 3937 16
869 3882 976 3952 quibus]
997 3879 1093 3951 queU
1145 3879 1179 3931 19
1198 3876 1418 3934 itunosRVU

258 3972 292 4024 20
311 3972 531 4041 Hipponensibus
550 3972 610 4027 edd.
670 3972 860 4026 succensentis
879 3972 913 4039 (ri
932 3987 1001 4024 eras.
1013 3968 1038 4037 ,9)
1061 3969 1085 4022 V
1124 3968 1159 4021 23
1177 3967 1205 4019 in
1225 3966 1303 4019 nobis
1321 3966 1414 4024 THB

258 4060 448 4114 soccoronio
473 4060 527 4113 l'l'
574 4063 607 4115 26
628 4078 681 4114 non
700 4066 731 4115 ut
753 4060 855 4114 Teuc.
906 4062 939 4113 27
959 4057 1151 4111 inimicissimis
1170 4072 1194 4108 m
1245 4054 1278 4108 30
1297 4070 1332 4106 ue
1353 4056 1412 4110 nob

258 4151 342 4201 uestri
362 4152 425 4217 (nob
446 4153 508 4218 del)
533 4150 556 4203 Τ
573 4168 606 4204 ne
626 4169 643 4203 u
663 4154 690 4216 (u
711 4152 782 4219 exp.)
801 4149 886 4202 uestri
910 4147 936 4201 L'
