3092 4959
501 394 763 463 epistularum
793 394 922 449 CXXl'II.
1237 400 1278 461 23

126 595 250 655 nuntur
275 592 389 671 omnia,
414 610 494 674 quae
514 593 660 655 amantur
679 591 710 653 in
730 590 858 667 mundo,
879 597 917 654 ut
934 590 1002 654 uita
1019 596 1094 672 post
1112 590 1279 673 paululum

125 697 268 762 finienda
296 698 410 763 saltem
438 699 545 781 ipsum
577 698 742 779 paululum
772 700 917 762 teneatur
944 697 975 760 in
1004 696 1133 773 mundo,
1158 701 1190 761 et
1218 717 1277 762 non

127 805 345 869 contemuitur
368 805 516 879 mundus,
541 808 578 869 ut
601 804 781 869 obtineatur
803 802 880 880 uita,
905 822 987 886 quae
1010 803 1077 867 sine
1104 803 1166 866 fine
1194 803 1279 883 apud

126 912 223 975 illum
243 915 303 990 est,
324 931 379 993 per
398 930 492 994 quern
512 912 614 976 iactus
631 910 854 975 autmundus?
874 910 967 975 modo
989 929 1061 975 cnm
1080 910 1150 992 ipsa
1168 909 1279 987 Roma,

87 1040 103 1081 s
127 1020 330 1084 domicilium
340 1019 507 1084 clarissimi
522 1018 656 1103 imperii,
666 1018 829 1083 barbarico
842 1018 1173 1097 uastareturiucursu,
1183 1036 1279 1101 quam

125 1126 222 1191 multi
239 1126 324 1191 uitae
340 1126 436 1191 huius
451 1126 634 1209 temporalis
651 1128 818 1201 amatores,
830 1128 866 1190 ut
880 1144 948 1189 eam
964 1126 1017 1190 uel
1027 1126 1197 1190 infeliciter
1208 1142 1279 1207 pro-

126 1232 305 1297 ducendam
326 1233 506 1315 nudamque
524 1232 723 1309 redimerent,
743 1232 897 1297 dedemut
916 1230 1030 1311 omnia,
1050 1251 1131 1313 quae
1149 1230 1199 1296 illi
1216 1248 1278 1295 uon

125 1342 235 1405 solnm
256 1340 460 1404 oblectandae
480 1343 511 1403 et
531 1338 685 1405 ornandae
704 1358 815 1403 uerum
836 1339 932 1405 etiam
947 1339 1173 1403 sustentandae
1187 1341 1280 1402 tuen-

126 1448 251 1529 daeque
271 1446 454 1511 seruabant!
480 1448 585 1511 solent
608 1449 692 1511 certe
716 1449 873 1511 amatores
897 1445 974 1523 illis,
998 1465 1076 1528 quas
1102 1448 1218 1525 amant,
1241 1448 1279 1508 ut

76 1576 105 1613 ιο
126 1574 182 1619 eas
206 1554 354 1631 habeant,
378 1554 479 1617 multa
502 1554 657 1630 conferre;
683 1553 737 1618 isti
757 1555 893 1617 amatam
918 1571 1009 1617 suam
1033 1571 1093 1616 non
1117 1550 1277 1629 baberent,

124 1660 190 1725 nisi
209 1660 342 1725 amando
366 1662 490 1742 inopem
514 1658 734 1737 reddidissent,
759 1678 816 1724 nec
841 1659 870 1723 ei
892 1662 995 1724 multa
1017 1659 1202 1734 conferrent,
1222 1656 1279 1721 sed

125 1770 241 1832 cuncta
261 1766 368 1849 potius
388 1768 555 1845 auferrent,
575 1785 613 1831 ne
634 1766 694 1831 sibi
714 1786 782 1831 earn
802 1767 905 1831 bostis
926 1766 1071 1831 auferret.
1091 1784 1149 1829 nec
1169 1783 1277 1829 eorum

124 1874 320 1957 reprebendo
359 1874 541 1949 consilium
581 1872 651 1955 quis
689 1873 773 1937 anim
811 1874 933 1937 nesciat
968 1872 1141 1956 perituram
1177 1869 1278 1934 fuisse

124 1980 240 2063 ipsam,
271 1980 298 2045 si
327 1999 387 2045 non
422 1999 458 2045 ea
489 1982 656 2063 perissent,
690 2000 769 2063 quae
802 1980 964 2045 recondita
995 1979 1120 2043 fuerant
1151 1977 1279 2061 propter

77 2108 105 2148 1⁵
124 2084 253 2167 ipsam?
277 2087 423 2169 quamuis
448 2091 481 2151 et
509 2086 636 2170 quidam
665 2087 859 2170 perdiderint
880 2086 968 2171 prius
991 2086 1047 2150 illa
1070 2104 1141 2149 mor
1163 2084 1277 2166 ipsum,

124 2193 256 2274 quidam
280 2213 355 2258 uero
380 2194 456 2258 licet
479 2194 580 2275 parati
605 2198 718 2259 cuncta
746 2193 876 2277 perdere
904 2195 1032 2276 propter
1058 2192 1161 2275 ipsam
1188 2191 1276 2273 prius

122 2300 320 2382 perdiderint
342 2299 454 2383 ipsam.
475 2300 531 2365 sed
554 2300 626 2364 hinc
645 2299 832 2365 admonendi
857 2320 979 2378 sumus,
1000 2299 1109 2382 quales
1134 2302 1278 2362 aeternae

123 2406 212 2470 uitae
236 2406 404 2472 dilectores
428 2426 498 2471 esse
522 2406 704 2483 debeamus,
729 2410 765 2469 ut
787 2411 916 2490 propter
939 2426 1008 2471 eam
1037 2409 1276 2471 contemnamus

124 2516 241 2577 cuncta
265 2512 432 2596 superflua,
457 2532 604 2596 cumpro
628 2514 687 2577 bac
706 2513 891 2578 transitoria
908 2514 977 2577 uita
1000 2515 1182 2595 contempta
1200 2512 1274 2589 sint,

77 2640 105 2681 ac
125 2638 207 2701 quae
230 2619 279 2683 illi
298 2621 422 2685 fuerant
444 2620 633 2685 necessaria.

27 2720 49 2782 5
169 2725 282 2808 Neque
307 2727 388 2791 enim
414 2730 552 2791 amatam
572 2732 711 2791 nostram
737 2727 822 2792 sicut
844 2726 893 2792 illi
916 2747 1018 2805 suam,
1038 2729 1075 2791 ut
1096 2730 1273 2807 teneamus,

125 2834 333 2917 expoliamus,
362 2832 418 2897 scd
444 2833 492 2898 illi
521 2839 663 2897 aeternae
692 2833 911 2917 adipiscendae
940 2835 1036 2898 istam
1067 2835 1273 2915 temporalem

124 2942 217 3005 uelut
239 2941 391 3005 famulam
410 2940 634 3022 expeditiorem
659 2942 777 3006 seruire
795 2942 942 3017 facimus,
963 2941 989 3005 si
1013 2960 1080 3005 eam
1105 2960 1162 3005 nec
1186 2960 1273 3005 orua-

124 3051 302 3113 mentorum
326 3066 478 3111 canorum
504 3048 641 3112 uinculis
667 3048 836 3132 alligemus
861 3068 918 3113 nec
942 3068 1089 3113 curarum
1111 3047 1272 3112 noxiarum

163 3239 316 3307 lumniaq;
336 3240 502 3293 amanturI
553 3240 595 3309 ut]
617 3242 645 3293 et
664 3240 724 3293 ΗΡ
785 3244 849 3309 post
867 3256 926 3306 om,
946 3257 981 3297 m.
1000 3244 1016 3293 1
1034 3240 1098 3295 odd.
1118 3239 1223 3307 P1p0s
1242 3239 1275 3293 H

123 3328 243 3380 inona-
263 3328 331 3395 (suit
349 3332 394 3393 on)
414 3326 445 3381 Η
513 3329 529 3381 3
549 3328 621 3397 apud
639 3326 716 3381 illum
736 3332 803 3397 (rua.
822 3334 848 3382 et
865 3344 933 3383 corr.
954 3345 987 3383 ecc
1005 3329 1083 3394 illud)
1103 3333 1146 3382 est
1162 3330 1183 3383 I
1200 3328 1273 3399 apud

123 3421 166 3470 est
185 3416 262 3470 illum
277 3418 391 3485 punctis
409 3432 478 3471 corr.
498 3418 532 3470 lli
552 3416 624 3487 apud
642 3417 720 3471 illum
739 3422 801 3487 (om.
822 3422 874 3485 est)
892 3419 921 3472 P
982 3420 998 3471 6
1017 3419 1097 3472 huius
1117 3419 1191 3473 uitae
1210 3419 1273 3473 edd.

124 3506 139 3559 l
159 3504 293 3559 dederunt
312 3510 396 3573 (post.
412 3506 475 3560 din
493 3522 549 3561 raa.
569 3524 602 3561 m.
622 3512 654 3561 ut
671 3507 729 3561 uid.
749 3510 780 3573 1,·
791 3509 886 3574 fuitne
904 3506 950 3574 12)
963 3508 997 3561 Η
1053 3508 1184 3577 omniuo„
1202 3524 1236 3561 m.
1253 3511 1274 3561 2

123 3594 213 3649 omnia
232 3610 302 3664 quae
321 3596 342 3649 I
377 3595 394 3649 8
413 3594 562 3665 amandae]
583 3596 746 3665 optinendae
766 3595 805 3649 P²
863 3614 957 3650 uerum
976 3598 1058 3650 etiam
1077 3595 1272 3651 sustentandae

121 3682 241 3737 tuendae
264 3699 326 3751 om,
350 3700 383 3737 m.
409 3687 428 3736 2
452 3683 516 3740 add.
536 3685 558 3738 Ι
662 3684 817 3753 sustendae,
840 3702 874 3739 m.
893 3689 910 3739 1
928 3701 998 3741 corr.
1022 3683 1218 3740 sustentandae
1237 3684 1276 3738 M

122 3772 139 3824 9
158 3768 306 3823 seruabant
325 3772 407 3838 (post.
427 3787 443 3823 a
462 3786 495 3825 ccc
512 3776 579 3835 rue.)
598 3772 625 3825 P
643 3770 792 3827 semabunt
809 3773 843 3826 H
896 3773 927 3826 11
948 3774 1095 3837 conferent,
1114 3790 1148 3830 m.
1169 3776 1188 3827 2
1207 3790 1270 3827 eon-

122 3859 263 3914 cerrencr
353 3860 386 3913 12
403 3864 491 3927 ne·(c
509 3865 590 3928 erac.)
610 3860 647 3914 P²
665 3878 713 3915 nec
732 3863 778 3916 IA
868 3863 961 3917 hostes
979 3864 1009 3917 Ε
1024 3862 1113 3917 hostis
1132 3862 1233 3930 (posit,
1252 3862 1270 3919 l.

122 3964 155 4003 m.
176 3950 245 4003 2in
264 3964 321 4003 rae.
342 3953 361 4003 2
381 3951 409 4017 l.)
427 3950 464 4003 M
547 3948 684 4004 auferrent
703 3952 756 4006 Eo
847 3954 880 4005 14
897 3952 997 4022 ipsaI
1082 3952 1271 4021 periissentne

157 4038 268 4092 condita
287 4038 346 4093 ΗΡ
418 4040 451 4092 15
469 4038 647 4109 perdiderunt
665 4040 752 4093 HPE
829 4041 905 4095 illam
924 4041 977 4095 PG
1049 4042 1080 4095 17
1099 4041 1225 4110 perdidei
1249 4040 1275 4092 G

120 4125 298 4195 perdidemnt
316 4126 402 4181 ΗΡΕ
488 4128 520 4181 18
539 4132 651 4198 propter
670 4146 701 4182 ea
720 4130 741 4182 I
758 4135 903 4199 propterea
921 4129 1087 4184 P¹MAOP²
1173 4130 1205 4182 19
1226 4128 1271 4181 bic

120 4230 155 4268 m.
174 4218 194 4268 2
212 4214 264 4268 bac
282 4216 304 4269 Ι
355 4216 389 4269 22
409 4216 586 4287 expoliamus]
607 4216 655 4271 ced
674 4218 839 4287 expoliamus
858 4218 917 4286 (sed
937 4219 999 4284 del.)
1014 4219 1048 4271 H
1064 4218 1228 4287 expoliamus
1242 4218 1275 4271 Ε

120 4304 154 4358 23
174 4304 349 4374 expeditione
368 4304 428 4357 ΜΔ
503 4305 542 4359 si»
557 4308 583 4375 (c
601 4304 704 4371 erue.?)
723 4306 761 4359 P²
