3092 4959
259 426 325 490 282
611 423 639 476 S.
667 421 805 476 Aureli
834 423 1054 492 Augustini

253 611 332 680 'cum
356 635 464 681 eorum
482 637 603 696 rorum,
628 625 787 700 quas'noc
803 617 932 683 uidisse
961 636 1019 682 nos
1047 617 1218 682 recolimus
1241 635 1299 681 nec
1322 616 1401 681 nide-

249 739 341 800 .mus,
356 722 470 788 duntur
488 723 581 808 signe
598 725 652 789 uel
666 725 699 788 in
712 724 848 789 uocibus
868 723 921 788 nel
934 723 966 787 in
981 723 1099 788 litteris
1113 723 1212 788 nolin
1228 723 1401 805 quibusque

257 827 468 905 documentis,
506 830 622 912 quibus
660 831 740 895 uisis
777 830 945 894 non'nisa
981 829 1158 894 credentur.
1200 848 1261 893 non
1301 833 1402 894 entem

255 933 404 1001 inmerito
433 937 514 1000 sciro
541 956 598 1002 nos
627 923 764 1002 dicimus
789 957 848 1001 non
875 937 979 1002 solum
1003 955 1049 1012 ee,
1074 954 1154 1018 quae
1181 935 1324 1000 uidimus
1352 939 1403 999 aut

250 1041 416 1120 uidemus,
432 1063 544 1108 uerum
563 1048 596 1110 et
612 1045 678 1121 illa,
695 1038 775 1128 qnae
793 1044 915 1109 idoneis
927 1044 974 1110 ρὰ
992 1063 1152 1127 quemque
1170 1061 1237 1107 rom
1257 1041 1402 1108 commoti
1429 1065 1441 1104 c

253 1149 449 1214 testimoniis
478 1151 531 1215 nol
557 1152 697 1217 testibus
725 1152 896 1217 credimus.
929 1169 1020 1234 porro
1050 1151 1078 1215 si
1106 1150 1186 1215 scire
1214 1168 1275 1215 non
1302 1149 1402 1213 incon·

253 1259 406 1336 gruonter
437 1255 573 1321 dicimur
604 1257 700 1322 etium
736 1257 829 1334 illud,
863 1258 948 1340 qnod
985 1257 1199 1322 certissimum
1236 1254 1401 1327 credimus,

256 1359 330 1424 binc
348 1360 469 1426 factum
488 1367 548 1441 cst,
563 1367 602 1427 ut
615 1364 711 1427 etiam
729 1367 815 1428 recte
830 1363 960 1442 eredita,
975 1365 1038 1429 etsi
1055 1383 1115 1428 non
1136 1362 1242 1427 adsint
1260 1360 1401 1426 sensibus

255 1469 385 1544 nostris,
404 1469 513 1536 uidere
532 1475 639 1536 mente
663 1471 814 1536 dicemur.
839 1471 974 1536 scientia
991 1472 1114 1555 quippo·
1127 1470 1227 1534 menti
1243 1467 1401 1542 tribuitur,

253 1575 326 1639 siue
348 1567 405 1657 per
428 1578 567 1660 corporis
592 1578 799 1642 sensus'siue
822 1577 1006 1661 peripsum
1030 1561 1177 1642 unimum¹
1194 1575 1316 1658 aliquid
1339 1593 1401 1658 per·
1416 1593 1437 1631 u

255 1685 384 1764 ceptum
421 1684 649 1767 cognitumque
684 1684 831 1762 retineat,
862 1687 895 1748 et
931 1683 1010 1748 fides
1046 1684 1117 1766 ipsa
1153 1686 1258 1747 monte
1295 1683 1400 1762 utique

251 1787 393 1868 uidetur,
421 1791 567 1871 quamuis
596 1789 656 1854 boc
684 1775 929 1866 fido'oreoat'ur,
958 1789 1042 1872 quod
1065 1808 1126 1853 non
1154 1787 1294 1853 uidetur.
1321 1786 1398 1852 unde

256 1900 288 1957 et
315 1895 481 1976 apostolus
508 1897 625 1964 Petrus
652 1896 749 1962 dicit:
781 1883 820 1961 In
850 1882 1095 1978 quommodo
1128 1914 1196 1959 non
1230 1892 1397 1958 uidentes

254 2000 424 2082 creditis,
452 2007 485 2066 et
515 2002 585 2085 ipss
618 2003 780 2068 dominus:
806 2001 924 2081 Beati,
959 2001 1021 2084 qui
1055 2021 1125 2066 non
1158 1999 1338 2066 uiderunt
1367 2006 1398 2062 et

254 2107 509 2174 crediderunt.
1412 2129 1432 2170 n

208 2191 256 2255 9·
300 2213 380 2279 Cum
403 2215 511 2298 itaque
535 2214 653 2280 dieitur
674 2215 810 2281 bomini:
834 2215 945 2281 ‘Crede
969 2211 1133 2280 Christum
1155 2212 1396 2278 resurrexisses

251 2320 410 2401 moronis,
434 2321 463 2386 si
486 2321 597 2404 credit,
619 2321 764 2400 adtende,
783 2321 861 2404 quid
885 2321 1002 2400 uideat,
1022 2319 1166 2399 adtende,
1186 2319 1264 2404 quid
1287 2319 1395 2394 credet,

253 2430 287 2492 et
308 2433 482 2510 utrumque
505 2427 657 2493 discerne.
679 2428 770 2493 uidet
793 2429 963 2507 hominem,
987 2413 1080 2492 cuins
1108 2427 1199 2492 audit
1223 2445 1346 2505 uocem,
1368 2429 1396 2490 et

251 2532 323 2616 ipsa
349 2553 412 2599 uox
433 2536 467 2598 in
494 2534 575 2600 uisis
603 2535 819 2618 corporalibus
847 2534 1020 2618 deputetur
1047 2534 1225 2600 secundum
1253 2553 1300 2611 es,
1323 2549 1394 2615 quse

252 2659 350 2723 supra
372 2640 520 2706 diximus.
545 2643 624 2707 haec
646 2642 709 2706 duo
733 2645 819 2721 sunt,
838 2643 932 2708 testis
956 2647 989 2708 et
1010 2641 1243 2719 testimonium,
1267 2656 1393 2723 quornm
1407 2661 1429 2700 u

252 2745 292 2808 ρὰ
316 2747 426 2813 oculos
449 2767 560 2826 unum,
584 2747 624 2813 ρὰ
647 2767 739 2813 aures
762 2747 898 2814 altorum
922 2748 1066 2831 pertinet.
1095 2746 1151 2812 sed
1179 2747 1264 2811 bunc
1287 2750 1392 2811 testem

251 2852 387 2918 fortasse
405 2853 541 2920 aliorum
554 2855 813 2921 testimoniorum
828 2854 1017 2920 anctoritate
1032 2853 1208 2930 confirmat,
1223 2853 1391 2918 diuinarum

251 2960 377 3027 scilieet
413 2961 641 3043 scripturarum
677 2961 730 3027 nel
768 2945 985 3043 quorumlibet
1020 2961 1165 3040 aliorum,
1199 2961 1315 3043 quibus
1349 2963 1392 3021 est

249 3070 358 3132 motus
382 3066 422 3132 ρὰ
444 3066 549 3131 fidem.
573 3068 748 3150 scripturae
771 3066 812 3132 ρὰ
835 3067 906 3132 nisa
928 3067 1086 3149 pertinent
1109 3066 1264 3149 corporis:
1295 3061 1391 3129 oculo·

340 3309 498 3365 131Petr.
519 3311 543 3375 1,
562 3311 579 3365 8
630 3309 741 3366 1410n.
762 3311 808 3378 20,
826 3311 861 3365 29

255 3425 259 3433 ’
286 3433 299 3485 1
320 3448 370 3488 nec
389 3432 513 3487 uidemus
531 3450 583 3488 om.
602 3432 630 3487 L
647 3449 697 3488 nee
715 3432 834 3487 uidimus
854 3433 916 3488 HF
1015 3433 1033 3486 2
1053 3435 1132 3504 signu
1149 3433 1206 3504 uel]
1226 3433 1306 3502 signs
1323 3427 1388 3485 ntO

247 3521 329 3590 deo]
350 3509 398 3578 unt
415 3525 460 3590 (m.
479 3526 495 3576 1
513 3525 586 3592 cup.)
606 3540 639 3576 en
657 3521 695 3575 M
781 3524 962 3592 5qusnrque,
980 3539 1015 3577 m.
1034 3527 1049 3576 1
1068 3538 1137 3580 corr.
1157 3515 1387 3592 quamcumqneO

285 3611 442 3664 commoniti
460 3611 487 3664 L
554 3603 749 3680 diugruenter
766 3609 804 3663 M
871 3609 1021 3664 idicimus
1043 3607 1196 3664 wora
1259 3605 1386 3664 Screditc

247 3703 321 3751 recte
340 3698 439 3768 (ρι’ρηίρ
455 3716 490 3752 m.
508 3705 541 3753 ut
557 3697 617 3755 uid.
637 3703 656 3752 2
674 3697 800 3766 corr.)O
872 3703 946 3753 rocta
963 3699 1026 3752 MA
1101 3715 1156 3752 non
1174 3699 1207 3753 iu
1220 3698 1282 3768 fine
1297 3715 1324 3752 u.
1342 3711 1385 3750 ors.

251 3785 287 3841 Y¹
377 3787 533 3842 9dicumus
555 3787 670 3842 Tmou
758 3791 850 3842 mente
868 3788 923 3841 AL
1014 3788 1048 3842 10
1065 3806 1083 3858 ρ
1103 3788 1222 3858 corporis
1241 3785 1340 3848 sensib;
1357 3780 1387 3836 M

284 3877 403 3930 ocimum
422 3877 511 3945 ipsum
529 3877 557 3930 A
630 3877 664 3930 13
683 3881 711 3931 et
729 3893 780 3931 om.
800 3877 920 3932 HMFA
1021 3877 1090 3932 dixit
1107 3877 1134 3931 L
1206 3879 1241 3933 16
1260 3869 1387 3932 credch

249 3965 282 4018 17
302 3963 397 4018 uideat
415 3963 533 4018 adtende
552 3964 618 4034 quid
637 3981 689 4018 om.
707 3967 735 4018 A
754 3965 804 4028 bie,
825 3966 942 4019 ulturum
961 3981 1031 4021 erac.
1050 3965 1078 4019 P
1164 3965 1260 4020 uideat
1277 3981 1311 4020 m.
1328 3967 1342 4016 1
1357 3961 1383 4014 in

246 4043 304 4110 rae.
323 4053 359 4106 M
399 4054 433 4107 18
452 4057 482 4106 et
499 4069 550 4106 ons.
574 4051 690 4106 TT¹OL
749 4053 826 4108 uidet
844 4055 937 4108 oculus
956 4055 1093 4109 bominem
1112 4054 1185 4109 euris
1205 4053 1283 4108 ondit
1301 4063 1383 4106 nocem

246 4141 280 4194 H
341 4141 376 4198 20
394 4141 517 4212 superins
540 4140 657 4196 TY²OL
733 4143 767 4195 22
788 4142 936 4196 undositas
955 4143 982 4197 L
1000 4141 1060 4196 edd.
1076 4147 1189 4212 practer
1207 4161 1227 4197 u
1288 4141 1322 4196 23
1338 4137 1381 4193 soi·

246 4230 312 4285 licet
330 4247 382 4286 om.
405 4231 432 4284 T
469 4229 706 4294 rcadfidcqm.
726 4230 899 4286 eododem
917 4231 948 4286 F
999 4228 1382 4300 uisa(ainroo.)11dniu

247 4323 357 4388 (pomo
373 4321 444 4386 rus.)
461 4320 490 4373 P
505 4321 594 4374 nisum
612 4321 649 4374 M
