3092 4959
475 355 738 424 epistularum
767 355 924 412 CXXXVII.
1233 361 1274 424 99

132 553 272 629 ationem,
291 569 351 615 uos
370 553 475 614 antem
494 549 703 614 interuenisse
722 550 856 614 ulterius
875 550 1044 634 inquirenti
1070 552 1275 636 solutumque

132 661 320 723 conuentum
353 657 392 722 ad
422 657 556 741 potioris
588 657 720 740 peritiae
757 658 870 722 merita
907 659 1083 738 distulisse,
1116 679 1165 738 ne,
1199 661 1274 726 dum

131 766 287 830 incautius
309 767 431 829 secreta
453 767 656 841 temerantur,
676 764 859 847 in'culpam
884 765 1064 830 deflecteret
1086 786 1171 832 error
1188 769 1275 832 inno-

132 891 216 937 enus.

54 975 71 1034 3
103 999 115 1038 a
173 978 292 1042 Deinde
314 978 353 1041 ad
378 997 427 1041 me
449 977 627 1042 litterarum
650 983 777 1042 tuarum
797 979 907 1063 dirigis
927 979 1131 1045 intentionem
1153 985 1276 1064 etpost

130 1086 207 1149 hane
233 1084 398 1166 inperitiae
426 1085 658 1150 confessionem
685 1086 847 1160 admones,
874 1089 919 1164 ut,
944 1087 1128 1167 apartibus
1159 1091 1275 1154 nostris

130 1191 204 1274 qnid
232 1190 439 1267 desideretur,
468 1209 649 1274 agnoscam.
680 1191 825 1275 adiungis
859 1192 956 1256 etiam
987 1193 1141 1258 interesse
1174 1195 1276 1259 famae

131 1317 225 1372 meae,
245 1302 283 1362 nt
300 1297 444 1380 quaesita
461 1297 625 1374 ueneritis,
646 1297 730 1380 qnod
749 1302 923 1378 utcumque
943 1297 1062 1380 absque
1088 1299 1275 1365 detrimento

130 1405 234 1469 cultus
263 1404 363 1468 diuini
390 1404 422 1467 in
450 1403 521 1468 aliis
549 1403 768 1468 sacerdotibus
798 1405 951 1468 toleratur
977 1405 1113 1480 inscitia,
1143 1409 1176 1468 at
1203 1425 1274 1470 cnm

90 1530 113 1567 ιο
130 1511 167 1576 ad
190 1531 241 1575 me
265 1511 439 1574 antistitem
465 1512 601 1576 uenitur.
619 1510 685 1594 legi
708 1511 808 1588 deest,
829 1510 980 1593 quicquid
1005 1512 1171 1594 contigerit
1190 1513 1275 1596 igno-

129 1619 195 1683 rari.
220 1617 359 1700 primum
381 1617 480 1700 igitur
503 1618 583 1681 hanc
602 1617 640 1680 de
660 1637 710 1681 me
729 1617 909 1700 opinionem
928 1617 1021 1682 facile
1039 1624 1274 1700 praesumptam

128 1743 246 1806 quaeso
269 1724 408 1806 deponas
432 1743 568 1806 eumque
592 1724 731 1788 animum
756 1725 903 1806 quamuis
928 1744 1002 1808 erga
1025 1743 1075 1788 me
1095 1725 1275 1790 beniuolen-

126 1831 289 1895 tissimum
313 1832 421 1894 solues
440 1835 534 1912 atque
558 1850 653 1894 erues
677 1850 712 1894 ao
737 1831 775 1893 de
795 1851 846 1894 me
869 1831 948 1895 mihi
972 1832 1074 1915 magis
1099 1851 1191 1914 quam
1218 1832 1274 1896 ulli

128 1936 217 2000 alteri
240 1935 361 2012 credas,
386 1935 413 2001 si
436 1937 514 2001 mihi
538 1936 715 2000 dilectionis
740 1937 843 2000 niceni
867 1935 983 2000 reddis.
1008 1941 1096 2001 tanta
1119 1943 1169 2001 est
1192 1939 1274 2002 enim

88 2057 111 2095 1⁵
129 2042 379 2107 Christianarum
405 2043 602 2125 profunditas
629 2043 818 2118 litterarum,
847 2046 884 2107 ut
915 2043 945 2106 in
979 2043 1025 2108 eis
1058 2043 1174 2108 cotidie
1206 2065 1275 2127 pro-

127 2149 265 2224 ficerem,
285 2149 313 2214 si
336 2169 389 2214 eas
414 2151 498 2214 solas
521 2150 559 2212 ab
583 2150 711 2213 ineunte
734 2149 873 2231 pueritia
897 2167 997 2231 usque
1021 2149 1060 2212 ad
1084 2149 1274 2232 decrepitam

216 2411 289 2464 1-4
308 2409 342 2466 cf.
362 2427 387 2479 p.
409 2409 451 2476 92,
471 2410 540 2463 4-7
597 2412 682 2464 6-11
705 2411 738 2465 el.
758 2428 783 2480 p.
804 2411 847 2478 92,
867 2411 954 2464 8-12

164 2587 176 2638 l
198 2585 313 2639 alterius
332 2585 360 2637 B
413 2585 589 2654 inquirentes,
608 2586 639 2637 in
658 2603 743 2654 morp.
763 2603 797 2638 or.
811 2591 842 2638 ut
860 2586 920 2639 uid.
935 2591 950 2638 1
967 2586 1115 2655 inquirenti
1135 2585 1174 2638 W
1188 2588 1277 2655 inqui·

126 2679 210 2740 rente,
229 2691 267 2726 m.
288 2676 307 2726 3
324 2674 474 2742 inquirenti
493 2672 526 2726 Η
614 2675 631 2726 2
649 2675 811 2742 portionem,
832 2690 901 2727 corr.
920 2675 1033 2744 potioris
1053 2675 1080 2727 B
1152 2675 1276 2744 peritiam

126 2763 222 2816 merito
246 2761 297 2816 GR
386 2763 592 2816 3ternerentur
616 2761 654 2814 W
758 2762 886 2816 deflectar
909 2768 937 2816 et
956 2781 990 2816 m.
1010 2767 1030 2816 2
1048 2763 1224 2817 coniunctum
1243 2763 1279 2816 M

127 2850 273 2905 deflectere
291 2849 354 2904 DH
370 2855 415 2913 (m.
435 2855 455 2904 2
473 2850 640 2918 deflecteret)
712 2852 842 2904 innocuos
861 2851 898 2904 Pl
963 2855 978 2906 5
997 2853 1148 2906 litterarum
1170 2857 1277 2906 tuarum

127 2940 222 2994 adme
242 2939 272 2992 P
324 2940 453 3003 litteram,
472 2957 506 2992 m.
526 2943 546 2993 2
564 2940 716 2993 litterarum
736 2941 772 2992 nl
824 2941 976 2994 intentione
995 2941 1027 2994 K
1062 2941 1161 3010 liquid
1182 2959 1197 2994 a
1216 2957 1276 3010 par·

126 3028 200 3082 tibus
219 3027 468 3096 nostrisKeep.
491 3031 578 3096 92,8
650 3030 915 3098 7qni,m.2quid
937 3030 967 3082 H
1048 3030 1278 3084 desiretur.or.1

127 3133 193 3171 corr.
214 3116 387 3170 desideretur
405 3117 443 3168 W
548 3134 701 3186 agnoscam,
722 3133 791 3171 corr.
812 3135 942 3186 agnoscas
961 3119 989 3170 B
1009 3135 1138 3188 agnoscas
1160 3118 1222 3183 Cle
1241 3119 1276 3184 cs.

123 3223 152 3273 p.
172 3209 219 3268 92,
242 3209 262 3258 9
346 3205 375 3258 id
394 3205 484 3274 iungis
507 3203 567 3259 ΤΡι
653 3207 784 3258 interesse
804 3206 890 3259 lamae
910 3207 996 3274 meae}
1017 3205 1103 3259 lamae
1123 3223 1198 3258 rneae
1219 3222 1276 3258 esse

129 3293 178 3349 GR
200 3295 292 3348 lamae
315 3311 390 3347 meae
414 3295 546 3348 interesse
570 3295 630 3348 edd.
739 3295 829 3348 lamae
856 3311 932 3349 meae
956 3312 989 3349 ex
1012 3295 1117 3348 lonicae
1143 3313 1177 3348 m.
1201 3299 1216 3347 1
1242 3295 1280 3346 W

127 3385 143 3436 8
160 3385 305 3450 ueneritis,
324 3401 359 3436 m.
379 3387 398 3436 3
416 3385 526 3437 noueris
544 3383 578 3436 H
682 3387 827 3452 utrumque
850 3383 874 3438 T
963 3385 978 3438 9
999 3384 1084 3437 diuini
1109 3385 1198 3436 cultus
1217 3384 1276 3436 edd.

161 3472 298 3525 toleretur
319 3471 388 3525 WK
438 3472 583 3526 inscientia
601 3471 640 3525 W
655 3474 696 3538 (in
713 3489 799 3541 marq.
819 3490 854 3528 m.
873 3473 1182 3541 ectuid.1inscitia)A
1237 3474 1276 3540 at]

127 3561 160 3613 ad
182 3561 272 3614 TDK
288 3563 320 3613 ut
341 3561 390 3615 CR
453 3561 485 3614 10
503 3561 573 3629 lege,
591 3578 627 3617 m.
647 3566 662 3614 1
683 3576 751 3615 corr.
772 3562 828 3630 legi
851 3561 889 3614 W
946 3561 1018 3614 desit
1038 3561 1087 3615 CR
1108 3561 1201 3614 deesse
1217 3561 1277 3613 edd.

161 3651 320 3719 contegerit
338 3651 367 3702 D
437 3653 562 3718 ignorare
585 3649 636 3703 ΤΒ
656 3656 737 3714 (corr.
756 3649 889 3720 ignorari)
908 3648 975 3702 ΚΡι
1049 3650 1080 3703 11
1103 3648 1135 3703 de
1155 3665 1197 3702 me
1217 3665 1277 3712 ona,

126 3755 159 3796 m.
178 3743 195 3791 1
211 3755 235 3794 a.
254 3755 284 3793 or.
304 3737 369 3791 add.
393 3737 431 3792 W
483 3739 515 3792 12
535 3737 671 3808 disponas,
690 3757 725 3793 m.
743 3745 759 3792 1
778 3757 847 3794 corr.
867 3739 985 3809 depones
1005 3741 1031 3792 Α
1111 3754 1222 3807 eamque
1241 3741 1278 3804 (ru

127 3829 210 3897 crea)
231 3827 259 3880 Τ
276 3842 362 3897 euque
385 3827 454 3880 WH
549 3845 593 3881 me
612 3845 672 3892 om,
691 3846 725 3882 m.
747 3833 764 3882 3
784 3829 849 3882 odd.
869 3828 903 3880 H
990 3827 1277 3882 beneuolentissimum

126 3917 230 3972 habeas
249 3917 342 3970 soluas
364 3905 424 3972 01(
487 3919 518 3971 13
535 3918 623 3972 ,ποθ
707 3917 794 3986 magis
813 3917 880 3970 mihi
901 3917 950 3972 013
1024 3917 1056 3969 14
1076 3915 1177 3977 credas,
1196 3913 1278 3968 aeda

125 4023 215 4074 supra
233 4022 292 4059 rna.
316 4003 355 4058 W
458 4005 557 4059 reddas
575 4006 605 4059 D
623 4007 749 4075 rependis
768 4005 828 4058 edd.
939 4010 981 4059 est
999 4023 1058 4069 om,
1077 4021 1111 4057 nr.
1130 4008 1146 4056 1
1166 4003 1231 4057 add.
1250 4002 1278 4054 P

129 4096 161 4150 15
181 4093 446 4149 christianoran
461 4098 649 4163 (m.3apro
669 4095 751 4159 0er
768 4095 1277 4164 <m.2aproo)A(m.1apron)

163 4184 360 4253 seripturarum
382 4183 419 4235 Μ
545 4184 715 4253 proficerent,
739 4201 773 4236 m.
798 4189 829 4237 ret
851 4183 911 4238 reid.
937 4189 956 4236 2
979 4199 1048 4237 corr.
1072 4183 1228 4252 proficerem
1248 4179 1280 4232 K

130 4274 162 4326 16
180 4272 268 4335 solus,
285 4288 321 4324 m.
341 4275 361 4323 2
378 4271 450 4325 solas
468 4271 503 4325 H
572 4278 662 4338 eunte,
680 4289 714 4326 nr.
733 4276 749 4324 1
767 4287 836 4326 corr.
856 4274 966 4326 ineunte
985 4271 1022 4325 M

1210 4373 1241 4428 7*
