3092 4959
277 389 341 452 256
628 384 654 437 S.
685 384 822 437 Aureli
851 383 1067 450 Augustini

275 583 496 664 ‘Posteaquam
524 580 691 664 peccauit‘,
721 579 777 644 sed
806 579 926 644 dictum
956 581 1018 644 est:
1048 579 1137 643 ‘Post
1164 579 1352 661 peccatum’,
1374 579 1410 652 nl,

276 689 440 771 quodlibet
461 691 583 770 postea,
603 688 630 751 si
649 687 717 751 fieri
740 690 861 770 posset,
887 685 1032 750 discussa
1055 685 1134 749 ratio
1160 684 1335 750 declararet
1356 685 1411 748 sino

274 799 440 877 peccatum
460 796 529 858 olus
549 795 618 858 sine
636 797 803 876 peccatum
822 793 962 874 parentis
983 793 1082 856 camis
1103 793 1181 870 eius,
1199 797 1285 856 recte
1304 791 1412 856 dictum

274 901 521 985 intellegeretur,
541 900 625 983 quod
645 900 766 965 dictum
790 903 853 963 ost:
879 899 968 963 ‘Post
986 902 1151 981 peccatum
1172 898 1204 961 in
1224 897 1412 962 inferioribus

275 1007 457 1090 corporibus
486 1007 629 1071 ordinata
656 1006 740 1090 regit
768 1025 881 1089 corpus
911 1026 1006 1071 suum
1033 1024 1094 1070 non
1123 1004 1208 1070 omni
1240 1005 1335 1069 modo
1366 1023 1444 1086 pror

275 1103 425 1188 arbitrio,
459 1115 534 1195 quia
566 1117 598 1177 et
636 1132 719 1178 caro
753 1113 995 1195 concupiscit
1028 1113 1211 1177 aduersus
1247 1112 1412 1193 spiritum

276 1223 309 1284 et
327 1211 621 1304 ingemescimus
646 1220 793 1304 grauati
820 1224 852 1284 et
871 1239 1018 1303 corpus,
1038 1219 1134 1301 quod
1159 1219 1412 1300 corrumpitur,

274 1328 458 1412 adgrauat
483 1329 641 1392 animam
665 1331 697 1392 ct
719 1363 760 1378 -
783 1327 854 1409 quis
875 1327 980 1390 omnia
1000 1331 1121 1390 enarrat
1141 1326 1276 1390 carnalis
1296 1325 1412 1389 infirmi·

273 1434 350 1498 tatis
373 1435 595 1500 incommoda?
618 1453 700 1516 qnae
723 1435 834 1515 utique
858 1453 919 1498 non
944 1437 1045 1511 erunt,
1070 1451 1142 1497 cum
1172 1431 1411 1513 corruptibile

274 1541 342 1604 hoc
364 1540 503 1606 induerit
524 1541 858 1623 incorruptionem,
883 1546 924 1605 nt
948 1540 1200 1604 absorbeatur
1222 1539 1378 1604 mortale
1398 1557 1442 1600 an·

274 1648 362 1712 uita.
378 1642 457 1712 'tuno
477 1647 584 1730 itaque
604 1648 744 1730 spiritale
764 1666 879 1731 corpus
899 1650 988 1730 reget
1003 1646 1088 1710 omni
1104 1645 1198 1710 modo
1212 1665 1270 1728 pro
1285 1644 1410 1710 arbitrio.

273 1773 355 1818 nunc
379 1773 455 1818 nero
479 1773 540 1818 uon
560 1754 758 1818 omnimodo
780 1754 835 1818 sod
855 1754 940 1818 sicut
957 1754 1045 1838 leges
1065 1753 1287 1818 uniuersitatis
1307 1753 1410 1826 sinunt,

273 1881 328 1944 per
352 1879 430 1943 quas
455 1861 665 1925 constitutum
695 1864 754 1938 est,
779 1865 816 1923 nt
844 1878 974 1942 corpora
1002 1863 1070 1924 orta
1098 1858 1244 1924 occidant
1273 1861 1305 1922 et
1332 1863 1411 1922 arola

275 1970 451 2032 senescant.
484 1986 554 2030 nam
592 1967 679 2031 illins
717 1967 810 2050 primi
847 1967 985 2031 hominis
1019 1967 1122 2030 anima
1154 1971 1226 2030 ante
1258 1969 1410 2048 peccatum

274 2074 400 2139 etiamsi
419 2072 559 2138 nondum
579 2073 721 2155 spiritale
741 2091 855 2154 corpus
876 2073 930 2136 sed
951 2073 1085 2137 animale
1103 2077 1208 2137 tamen
1224 2091 1281 2154 pro
1296 2071 1410 2136 arbitrio
1425 2089 1443 2130 o

272 2181 413 2266 regebat.
441 2185 515 2263 post
540 2184 708 2264 peccatum
737 2183 856 2257 autem,
884 2181 916 2244 id
945 2184 995 2245 est
1022 2183 1229 2264 posteaquam
1258 2181 1409 2261 peccatum

273 2288 303 2351 in
327 2287 384 2351 illa
406 2304 496 2351 carne
521 2287 727 2352 commissum
742 2288 848 2365 osset,
878 2306 913 2350 er
942 2307 1004 2369 qna
1027 2287 1176 2371 deinceps
1200 2287 1410 2371 propagaretur

274 2413 344 2458 caro
363 2394 497 2476 peccati,
511 2394 616 2457 anima
633 2394 795 2458 rationalis
816 2394 861 2458 sic
886 2397 936 2458 ost
958 2395 988 2457 in
1013 2393 1214 2459 inferioribus
1238 2391 1409 2476 corporibus

274 2501 426 2578 ordinata,
450 2503 571 2566 utnon
596 2500 799 2565 omnimodo
822 2519 879 2582 pro
904 2501 1033 2566 arbitrio
1057 2502 1147 2584 rogat
1171 2517 1286 2581 corpus
1317 2515 1408 2562 suum.

274 2606 359 2689 quod
391 2607 419 2670 si
446 2606 585 2671 nondum
616 2605 828 2689 adquiescunt
859 2608 890 2670 in
923 2606 1077 2688 paruulis,
1114 2605 1168 2688 qui
1200 2606 1289 2669 nulla
1319 2604 1441 2669 adbucro

273 2717 404 2797 peccata
426 2713 551 2796 propria
575 2713 812 2789 commiserunt,
831 2714 894 2776 iam
918 2717 1022 2777 tamen
1046 2731 1171 2778 carnem
1195 2731 1266 2776 osse
1289 2707 1408 2794 peccati,

273 2820 348 2902 quia
370 2821 403 2885 et
425 2821 500 2884 huic
523 2819 689 2894 sanandae,
719 2839 792 2884 cum
814 2820 1024 2902 baptizantur,
1049 2818 1226 2884 necessaria
1250 2821 1300 2884 cst
1324 2814 1407 2881 medi·

273 2928 343 2991 oina
366 2925 542 2992 similitudo
565 2926 622 2990 illa
645 2927 746 2991 carnis
769 2927 903 3010 pcccati,
928 2945 984 2991 neo
1008 2926 1055 2991 sic
1078 2925 1150 2992 istis
1173 2926 1281 2991 uerbis
1304 2919 1406 2989 nostris

362 3185 504 3253 odolo,
525 3187 557 3240 17
609 3186 672 3240 711
692 3186 751 3241 Cor.
771 3187 835 3253 5,4
890 3187 997 3256 Sap9,
1019 3189 1052 3242 15
1103 3183 1406 3255 amoniaca-sl:

273 3274 379 3331 lICor.
400 3278 460 3345 5‚4
517 3275 549 3328 13
569 3274 634 3330 Sall.
654 3274 715 3344 Ing.
734 3275 797 3342 2,3
852 3275 886 3328 23
906 3275 983 3331 Rom.
1002 3275 1063 3339 8,3

309 3399 514 3468 2quolibotG
568 3400 657 3470 possit
677 3399 703 3453 G
758 3399 879 3454 declaret
897 3399 934 3454 P¹
999 3399 1164 3470 dparcutis]
1186 3394 1411 3470 aparentibusP

272 3489 386 3542 4inin
398 3488 459 3557 flue
476 3505 504 3541 c.
524 3505 583 3550 σοι,
602 3507 637 3542 m.
658 3492 678 3541 2
697 3488 761 3541 add.
781 3488 819 3542 M
861 3488 1017 3557 lgrauatis
1035 3491 1059 3557 (s
1077 3506 1111 3542 m.
1132 3493 1151 3542 2
1170 3489 1233 3554 dcl.)
1253 3489 1286 3541 K
1336 3503 1408 3540 corn·

273 3577 407 3646 rumpitur
426 3576 526 3643 (fuisse
543 3577 603 3630 uid.
623 3579 663 3646 es)
681 3577 714 3629 K
747 3578 764 3629 8
785 3579 829 3646 qui
850 3579 963 3637 somnia.
981 3595 1015 3632 m.
1031 3580 1051 3631 2
1069 3579 1129 3646 quis
1148 3577 1239 3631 omnia
1256 3578 1292 3633 M
1344 3590 1410 3630 enrr-

272 3669 344 3718 rarot
364 3665 390 3718 θ
476 3665 596 3719 carnales
614 3665 787 3718 infirmitates
805 3665 842 3718 M
913 3665 947 3717 10
965 3665 1104 3728 mortales,
1124 3682 1158 3718 m.
1178 3669 1199 3718 2
1216 3667 1331 3720 mortale
1348 3658 1412 3716 21²¹

271 3753 413 3807 mortalem
433 3756 530 3822 (postu.
551 3754 568 3806 l.
589 3751 651 3820 dcl.)
671 3771 688 3806 a
700 3753 733 3806 H
782 3753 813 3806 11
834 3754 906 3823 regit
924 3753 952 3807 P
968 3755 1013 3821 (m.
1032 3759 1048 3807 1
1065 3769 1134 3808 corr.
1154 3757 1243 3825 rogat)
1261 3748 1412 3808 HMAP¹G

275 3843 307 3894 12
327 3857 378 3894 non
400 3859 450 3895 om.
469 3842 502 3894 K
555 3841 588 3894 13
607 3845 635 3895 et
655 3858 707 3897 om.
726 3841 759 3894 K
812 3843 903 3910 aucta]
923 3843 972 3906 ita,
991 3859 1025 3895 m.
1044 3848 1076 3896 ut
1094 3842 1280 3899 crucem.
1300 3837 1414 3896 anetaG

275 3932 306 3984 15
327 3947 431 4000 corpos,
450 3948 484 3983 m.
505 3933 525 3983 2
543 3947 639 4000 corpus
658 3930 691 3983 H
761 3929 890 3986 animulae
910 3931 945 3984 M
1013 3932 1045 3985 17
1066 3932 1149 4000 creet]
1170 3933 1213 3984 eat
1231 3930 1318 3985 ALBI
1337 3928 1415 3995 (Η

272 4018 382 4085 ALlBl)
402 4022 475 4072 esset
493 4019 527 4072 Η
541 4023 585 4072 est
604 4018 749 4073 ctMAP¹
770 4021 812 4072 est
831 4017 879 4072 sed
901 4020 924 4073 0
941 4023 983 4072 est
1004 4019 1063 4074 GK
1079 4018 1139 4074 edd.
1155 4025 1308 4088 praetem
1345 4017 1375 4073 18
1388 4016 1416 4069 iu

272 4107 432 4161 in¹feribns
449 4107 487 4160 M
554 4108 586 4161 19
606 4109 647 4176 nt]
669 4111 717 4161 aut
734 4107 767 4159 K
828 4109 860 4160 21
881 4110 985 4177 tamen]
1006 4124 1079 4177 uero,
1098 4124 1132 4162 m.
1151 4111 1167 4160 1
1185 4123 1256 4162 corr.
1275 4111 1366 4162 tamen
1384 4102 1416 4158 M

308 4213 368 4251 caro
397 4212 456 4250 esse
482 4195 665 4251 PHACP¹K
689 4213 750 4250 caro
780 4203 810 4250 οἷο
839 4200 895 4265 (pr.
925 4213 938 4250 c
966 4199 1047 4264 croc.)
1073 4195 1111 4251 Μ
1137 4212 1195 4250 esse
1223 4213 1332 4251 caruem
1358 4192 1417 4250 aad.

271 4286 306 4338 23
325 4285 374 4338 illc
393 4285 491 4339 ooaG
564 4287 595 4348 si.
614 4303 649 4340 m.
669 4291 684 4339 1
702 4302 770 4341 corr.
792 4287 830 4340 sic
849 4287 885 4339 M
