<?xml version="1.0" encoding="UTF-8"?>
<!DOCTYPE html PUBLIC "-//W3C//DTD XHTML 1.0 Transitional//EN"
    "http://www.w3.org/TR/xhtml1/DTD/xhtml1-transitional.dtd">
<html xmlns="http://www.w3.org/1999/xhtml" xml:lang="en" lang="en">
 <head>
  <title>
</title>
<meta http-equiv="Content-Type" content="text/html;charset=utf-8" />
  <meta name='ocr-system' content='tesseract 3.04.00' />
  <meta name='ocr-capabilities' content='ocr_page ocr_carea ocr_par ocr_line ocrx_word'/>
</head>
<body>
  <div class='ocr_page' id='page_1' title='image "./corpusscriptoru05wissgoog_0764.png"; bbox 0 0 3092 4959; ppageno 0'>
   <div class='ocr_carea' id='block_1_1' title="bbox 609 446 1044 514">
    <p class='ocr_par' dir='ltr' id='par_1_1' title="bbox 609 446 1044 514">
     <span class='ocr_line' id='line_1_1' title="bbox 609 446 1044 514; baseline -0.005 -15"><span class='ocrx_word' id='word_1_1' title='bbox 609 446 635 499; x_wconf 86' lang='lat' dir='ltr'><strong>S.</strong></span> <span class='ocrx_word' id='word_1_2' title='bbox 664 446 802 499; x_wconf 82' lang='lat' dir='ltr'>Aureli</span> <span class='ocrx_word' id='word_1_3' title='bbox 829 446 1044 514; x_wconf 77' lang='lat' dir='ltr'><strong>Augustini</strong></span> 
     </span>
    </p>
   </div>
   <div class='ocr_carea' id='block_1_2' title="bbox 707 638 955 705">
    <p class='ocr_par' dir='ltr' id='par_1_2' title="bbox 707 638 955 705">
     <span class='ocr_line' id='line_1_2' title="bbox 707 638 955 705; baseline -0.012 0"><span class='ocrx_word' id='word_1_4' title='bbox 707 638 894 705; x_wconf 83' lang='lat' dir='ltr'>CLXXXIV</span> <span class='ocrx_word' id='word_1_5' title='bbox 917 641 955 703; x_wconf 83' lang='lat' dir='ltr'><strong>A.</strong></span> 
     </span>
    </p>
   </div>
   <div class='ocr_carea' id='block_1_3' title="bbox 254 776 1395 925">
    <p class='ocr_par' dir='ltr' id='par_1_3' title="bbox 254 776 1395 925">
     <span class='ocr_line' id='line_1_3' title="bbox 254 776 1395 836; baseline -0.004 -1"><span class='ocrx_word' id='word_1_6' title='bbox 254 779 407 836; x_wconf 75' lang='lat' dir='ltr'><strong>nonnius</strong></span> <span class='ocrx_word' id='word_1_7' title='bbox 430 779 696 835; x_wconf 78' lang='lat' dir='ltr'><strong>Dmucrrssusss</strong></span> <span class='ocrx_word' id='word_1_8' title='bbox 715 779 761 833; x_wconf 83' lang='grc' dir='ltr'><strong>ΕΤ</strong></span> <span class='ocrx_word' id='word_1_9' title='bbox 781 776 934 835; x_wconf 78' lang='lat' dir='ltr'><strong>saneris</strong></span> <span class='ocrx_word' id='word_1_10' title='bbox 957 776 1065 833; x_wconf 75' lang='lat' dir='ltr'><strong>rrius</strong></span> <span class='ocrx_word' id='word_1_11' title='bbox 1089 776 1395 833; x_wconf 67' lang='lat' dir='ltr'><strong>rusucurium·</strong></span> 
     </span>
     <span class='ocr_line' id='line_1_4' title="bbox 455 866 1203 925; baseline 0 -2"><span class='ocrx_word' id='word_1_12' title='bbox 455 869 529 923; x_wconf 81' lang='grc' dir='ltr'><strong>ΗΔΕ</strong></span> <span class='ocrx_word' id='word_1_13' title='bbox 548 867 781 925; x_wconf 83' lang='lat' dir='ltr'>AUGUSTINUS</span> <span class='ocrx_word' id='word_1_14' title='bbox 799 868 841 923; x_wconf 89' lang='lat' dir='ltr'><strong>IN</strong></span> <span class='ocrx_word' id='word_1_15' title='bbox 858 866 1005 923; x_wconf 84' lang='lat' dir='ltr'>DOMINO</span> <span class='ocrx_word' id='word_1_16' title='bbox 1026 866 1203 923; x_wconf 79' lang='lat' dir='ltr'>SALUTEM.</span> 
     </span>
    </p>
   </div>
   <div class='ocr_carea' id='block_1_4' title="bbox 19 994 1433 3105">
    <p class='ocr_par' dir='ltr' id='par_1_4' title="bbox 165 994 1433 2360">
     <span class='ocr_line' id='line_1_5' title="bbox 165 994 1395 1078; baseline -0.001 -20"><span class='ocrx_word' id='word_1_17' title='bbox 165 996 180 1058; x_wconf 95' lang='lat' dir='ltr'>I</span> <span class='ocrx_word' id='word_1_18' title='bbox 205 998 221 1059; x_wconf 89' lang='lat'>1</span> <span class='ocrx_word' id='word_1_19' title='bbox 297 995 450 1061; x_wconf 84' lang='lat' dir='ltr'><strong>Sanctum</strong></span> <span class='ocrx_word' id='word_1_20' title='bbox 470 996 597 1078; x_wconf 90' lang='lat' dir='ltr'><strong>quidem</strong></span> <span class='ocrx_word' id='word_1_21' title='bbox 617 995 761 1061; x_wconf 89' lang='lat' dir='ltr'><strong>studium</strong></span> <span class='ocrx_word' id='word_1_22' title='bbox 781 999 936 1071; x_wconf 88' lang='lat' dir='ltr'><strong>uestrum,</strong></span> <span class='ocrx_word' id='word_1_23' title='bbox 962 1014 1024 1077; x_wconf 90' lang='lat' dir='ltr'><strong>quo</strong></span> <span class='ocrx_word' id='word_1_24' title='bbox 1044 1015 1063 1059; x_wconf 91' lang='lat' dir='ltr'><strong>a</strong></span> <span class='ocrx_word' id='word_1_25' title='bbox 1086 1012 1137 1059; x_wconf 90' lang='lat' dir='ltr'><strong>me</strong></span> <span class='ocrx_word' id='word_1_26' title='bbox 1160 994 1264 1059; x_wconf 87' lang='lat' dir='ltr'><strong>multa</strong></span> <span class='ocrx_word' id='word_1_27' title='bbox 1282 995 1395 1077; x_wconf 82' lang='lat' dir='ltr'><strong>putatis</strong></span> 
     </span>
     <span class='ocr_line' id='line_1_6' title="bbox 253 1100 1433 1187; baseline -0.003 -20"><span class='ocrx_word' id='word_1_28' title='bbox 253 1121 325 1168; x_wconf 89' lang='lat' dir='ltr'><strong>esse</strong></span> <span class='ocrx_word' id='word_1_29' title='bbox 363 1102 552 1185; x_wconf 86' lang='lat' dir='ltr'><strong>quaerenda,</strong></span> <span class='ocrx_word' id='word_1_30' title='bbox 591 1107 629 1167; x_wconf 89' lang='lat' dir='ltr'><strong>ut</strong></span> <span class='ocrx_word' id='word_1_31' title='bbox 665 1102 873 1167; x_wconf 76' lang='lat' dir='ltr'><strong>contentiosis</strong></span> <span class='ocrx_word' id='word_1_32' title='bbox 910 1101 1131 1187; x_wconf 81' lang='lat' dir='ltr'><strong>impietatibus</strong></span> <span class='ocrx_word' id='word_1_33' title='bbox 1167 1119 1230 1165; x_wconf 89' lang='lat' dir='ltr'><strong>uon</strong></span> <span class='ocrx_word' id='word_1_34' title='bbox 1266 1100 1433 1165; x_wconf 67' lang='lat' dir='ltr'><strong>inermesr</strong></span> 
     </span>
     <span class='ocr_line' id='line_1_7' title="bbox 252 1206 1396 1291; baseline 0 -20"><span class='ocrx_word' id='word_1_35' title='bbox 252 1209 401 1272; x_wconf 85' lang='lat' dir='ltr'><strong>resistere</strong></span> <span class='ocrx_word' id='word_1_36' title='bbox 415 1208 560 1286; x_wconf 86' lang='lat' dir='ltr'><strong>ualeatis,</strong></span> <span class='ocrx_word' id='word_1_37' title='bbox 580 1226 639 1272; x_wconf 92' lang='lat' dir='ltr'><strong>nec</strong></span> <span class='ocrx_word' id='word_1_38' title='bbox 653 1208 749 1272; x_wconf 89' lang='lat' dir='ltr'><strong>debet</strong></span> <span class='ocrx_word' id='word_1_39' title='bbox 766 1208 892 1273; x_wconf 86' lang='lat' dir='ltr'><strong>iustitia</strong></span> <span class='ocrx_word' id='word_1_40' title='bbox 911 1226 1056 1291; x_wconf 89' lang='lat' dir='ltr'><strong>spernere</strong></span> <span class='ocrx_word' id='word_1_41' title='bbox 1075 1225 1132 1271; x_wconf 89' lang='lat' dir='ltr'><strong>noc</strong></span> <span class='ocrx_word' id='word_1_42' title='bbox 1152 1206 1268 1271; x_wconf 83' lang='lat' dir='ltr'><strong>coritas</strong></span> <span class='ocrx_word' id='word_1_43' title='bbox 1285 1210 1396 1289; x_wconf 85' lang='lat' dir='ltr'><strong>potest.</strong></span> 
     </span>
     <span class='ocr_line' id='line_1_8' title="bbox 253 1312 1397 1399; baseline -0.001 -20"><span class='ocrx_word' id='word_1_44' title='bbox 253 1314 310 1379; x_wconf 92' lang='lat' dir='ltr'><strong>sed</strong></span> <span class='ocrx_word' id='word_1_45' title='bbox 332 1314 518 1399; x_wconf 85' lang='lat' dir='ltr'><strong>diligentem</strong></span> <span class='ocrx_word' id='word_1_46' title='bbox 536 1314 577 1378; x_wconf 90' lang='lat' dir='ltr'><strong>ad</strong></span> <span class='ocrx_word' id='word_1_47' title='bbox 595 1314 700 1378; x_wconf 84' lang='lat' dir='ltr'><strong>omnin</strong></span> <span class='ocrx_word' id='word_1_48' title='bbox 719 1314 956 1397; x_wconf 85' lang='lat' dir='ltr'><strong>responsionem</strong></span> <span class='ocrx_word' id='word_1_49' title='bbox 975 1332 1037 1377; x_wconf 90' lang='lat' dir='ltr'><strong>una</strong></span> <span class='ocrx_word' id='word_1_50' title='bbox 1055 1312 1204 1395; x_wconf 76' lang='lat' dir='ltr'><strong>epistula,</strong></span> <span class='ocrx_word' id='word_1_51' title='bbox 1228 1314 1397 1395; x_wconf 82' lang='lat' dir='ltr'><strong>quamlibet</strong></span> 
     </span>
     <span class='ocr_line' id='line_1_9' title="bbox 253 1420 1398 1505; baseline 0 -20"><span class='ocrx_word' id='word_1_52' title='bbox 253 1422 296 1485; x_wconf 91' lang='lat' dir='ltr'><strong>sit</strong></span> <span class='ocrx_word' id='word_1_53' title='bbox 322 1422 452 1505; x_wconf 86' lang='lat' dir='ltr'><strong>prolixa,</strong></span> <span class='ocrx_word' id='word_1_54' title='bbox 480 1441 541 1486; x_wconf 90' lang='lat' dir='ltr'><strong>nou</strong></span> <span class='ocrx_word' id='word_1_55' title='bbox 571 1422 666 1504; x_wconf 80' lang='lat' dir='ltr'><strong>capit</strong></span> <span class='ocrx_word' id='word_1_56' title='bbox 693 1421 841 1505; x_wconf 87' lang='lat' dir='ltr'><strong>plurimis</strong></span> <span class='ocrx_word' id='word_1_57' title='bbox 870 1424 977 1486; x_wconf 90' lang='lat' dir='ltr'><strong>autem</strong></span> <span class='ocrx_word' id='word_1_58' title='bbox 1006 1420 1171 1503; x_wconf 80' lang='lat' dir='ltr'><strong>opusculis</strong></span> <span class='ocrx_word' id='word_1_59' title='bbox 1199 1420 1320 1485; x_wconf 88' lang='lat' dir='ltr'><strong>nostris</strong></span> <span class='ocrx_word' id='word_1_60' title='bbox 1348 1424 1398 1485; x_wconf 89' lang='lat' dir='ltr'><strong>aut</strong></span> 
     </span>
     <span class='ocr_line' id='line_1_10' title="bbox 252 1526 1397 1610; baseline -0.001 -18"><span class='ocrx_word' id='word_1_61' title='bbox 252 1528 292 1592; x_wconf 87' lang='lat' dir='ltr'><strong>ad</strong></span> <span class='ocrx_word' id='word_1_62' title='bbox 316 1529 422 1593; x_wconf 89' lang='lat' dir='ltr'><strong>omnia</strong></span> <span class='ocrx_word' id='word_1_63' title='bbox 440 1531 496 1593; x_wconf 90' lang='lat' dir='ltr'><strong>aut</strong></span> <span class='ocrx_word' id='word_1_64' title='bbox 513 1547 594 1609; x_wconf 90' lang='lat' dir='ltr'><strong>pene</strong></span> <span class='ocrx_word' id='word_1_65' title='bbox 612 1529 653 1593; x_wconf 83' lang='lat' dir='ltr'><strong>sd</strong></span> <span class='ocrx_word' id='word_1_66' title='bbox 677 1528 792 1605; x_wconf 90' lang='lat' dir='ltr'><strong>omnia,</strong></span> <span class='ocrx_word' id='word_1_67' title='bbox 817 1547 897 1610; x_wconf 89' lang='lat' dir='ltr'><strong>quae</strong></span> <span class='ocrx_word' id='word_1_68' title='bbox 919 1526 1091 1609; x_wconf 85' lang='lat' dir='ltr'><strong>requiritis,</strong></span> <span class='ocrx_word' id='word_1_69' title='bbox 1114 1528 1178 1591; x_wconf 88' lang='lat' dir='ltr'><strong>ianr</strong></span> <span class='ocrx_word' id='word_1_70' title='bbox 1203 1546 1255 1591; x_wconf 88' lang='lat' dir='ltr'><strong>me</strong></span> <span class='ocrx_word' id='word_1_71' title='bbox 1277 1546 1397 1610; x_wconf 88' lang='lat' dir='ltr'><strong>respon-</strong></span> 
     </span>
     <span class='ocr_line' id='line_1_11' title="bbox 252 1634 1433 1719; baseline -0.003 -20"><span class='ocrx_word' id='word_1_72' title='bbox 252 1635 348 1711; x_wconf 90' lang='lat' dir='ltr'><strong>disse,</strong></span> <span class='ocrx_word' id='word_1_73' title='bbox 386 1640 540 1718; x_wconf 87' lang='lat' dir='ltr'><strong>quantum</strong></span> <span class='ocrx_word' id='word_1_74' title='bbox 573 1635 675 1717; x_wconf 88' lang='lat' dir='ltr'><strong>potui,</strong></span> <span class='ocrx_word' id='word_1_75' title='bbox 712 1636 876 1700; x_wconf 88' lang='lat' dir='ltr'><strong>noueritis.</strong></span> <span class='ocrx_word' id='word_1_76' title='bbox 915 1652 995 1717; x_wconf 83' lang='lat' dir='ltr'><strong>quoe</strong></span> <span class='ocrx_word' id='word_1_77' title='bbox 1028 1634 1057 1699; x_wconf 93' lang='lat' dir='ltr'><strong>si</strong></span> <span class='ocrx_word' id='word_1_78' title='bbox 1088 1634 1215 1719; x_wconf 76' lang='lat' dir='ltr'><strong>legatis.¹</strong></span> <span class='ocrx_word' id='word_1_79' title='bbox 1254 1634 1395 1716; x_wconf 88' lang='lat' dir='ltr'><strong>quoniam</strong></span> <span class='ocrx_word' id='word_1_80' title='bbox 1411 1646 1433 1685; x_wconf 83' lang='lat'><strong>1⁰</strong></span> 
     </span>
     <span class='ocr_line' id='line_1_12' title="bbox 253 1738 1395 1824; baseline -0.004 -17"><span class='ocrx_word' id='word_1_81' title='bbox 253 1744 300 1807; x_wconf 88' lang='lat' dir='ltr'><strong>sic</strong></span> <span class='ocrx_word' id='word_1_82' title='bbox 328 1762 387 1808; x_wconf 89' lang='lat' dir='ltr'><strong>uos</strong></span> <span class='ocrx_word' id='word_1_83' title='bbox 412 1741 508 1806; x_wconf 89' lang='lat' dir='ltr'><strong>audio</strong></span> <span class='ocrx_word' id='word_1_84' title='bbox 530 1742 712 1807; x_wconf 89' lang='lat' dir='ltr'><strong>instituisse</strong></span> <span class='ocrx_word' id='word_1_85' title='bbox 735 1742 848 1820; x_wconf 87' lang='lat' dir='ltr'><strong>uitam,</strong></span> <span class='ocrx_word' id='word_1_86' title='bbox 873 1760 936 1824; x_wconf 89' lang='lat' dir='ltr'><strong>qua</strong></span> <span class='ocrx_word' id='word_1_87' title='bbox 954 1742 1011 1807; x_wconf 91' lang='lat' dir='ltr'><strong>deo</strong></span> <span class='ocrx_word' id='word_1_88' title='bbox 1032 1742 1171 1817; x_wconf 85' lang='lat' dir='ltr'><strong>seruitis,</strong></span> <span class='ocrx_word' id='word_1_89' title='bbox 1191 1744 1230 1805; x_wconf 90' lang='lat' dir='ltr'><strong>ut</strong></span> <span class='ocrx_word' id='word_1_90' title='bbox 1246 1740 1338 1806; x_wconf 91' lang='lat' dir='ltr'><strong>uobis</strong></span> <span class='ocrx_word' id='word_1_91' title='bbox 1361 1738 1395 1805; x_wconf 91' lang='lat' dir='ltr'><strong>ad</strong></span> 
     </span>
     <span class='ocr_line' id='line_1_13' title="bbox 250 1847 1394 1933; baseline -0.003 -20"><span class='ocrx_word' id='word_1_92' title='bbox 250 1850 420 1933; x_wconf 84' lang='lat' dir='ltr'><strong>legendum</strong></span> <span class='ocrx_word' id='word_1_93' title='bbox 448 1851 553 1926; x_wconf 88' lang='lat' dir='ltr'><strong>uacet,</strong></span> <span class='ocrx_word' id='word_1_94' title='bbox 582 1852 639 1912; x_wconf 86' lang='lat' dir='ltr'><strong>aut</strong></span> <span class='ocrx_word' id='word_1_95' title='bbox 665 1849 769 1914; x_wconf 90' lang='lat' dir='ltr'><strong>omnis</strong></span> <span class='ocrx_word' id='word_1_96' title='bbox 797 1848 890 1913; x_wconf 91' lang='lat' dir='ltr'><strong>uobis</strong></span> <span class='ocrx_word' id='word_1_97' title='bbox 919 1848 1043 1932; x_wconf 89' lang='lat' dir='ltr'><strong>patebit</strong></span> <span class='ocrx_word' id='word_1_98' title='bbox 1068 1847 1238 1914; x_wconf 78' lang='lat' dir='ltr'><strong>instructio</strong></span> <span class='ocrx_word' id='word_1_99' title='bbox 1262 1853 1317 1913; x_wconf 89' lang='lat' dir='ltr'><strong>aut</strong></span> <span class='ocrx_word' id='word_1_100' title='bbox 1338 1866 1394 1911; x_wconf 89' lang='lat' dir='ltr'><strong>non</strong></span> 
     </span>
     <span class='ocr_line' id='line_1_14' title="bbox 251 1954 1396 2039; baseline -0.003 -18"><span class='ocrx_word' id='word_1_101' title='bbox 251 1956 388 2021; x_wconf 92' lang='lat' dir='ltr'><strong>multum</strong></span> <span class='ocrx_word' id='word_1_102' title='bbox 403 1956 549 2021; x_wconf 82' lang='lat' dir='ltr'><strong>existimo</strong></span> <span class='ocrx_word' id='word_1_103' title='bbox 565 1955 760 2033; x_wconf 85' lang='lat' dir='ltr'><strong>defuturum,</strong></span> <span class='ocrx_word' id='word_1_104' title='bbox 780 1956 964 2038; x_wconf 87' lang='lat' dir='ltr'><strong>praesertim</strong></span> <span class='ocrx_word' id='word_1_105' title='bbox 981 1956 1054 2039; x_wconf 90' lang='lat' dir='ltr'><strong>quia</strong></span> <span class='ocrx_word' id='word_1_106' title='bbox 1073 1956 1159 2020; x_wconf 89' lang='lat' dir='ltr'><strong>inest</strong></span> <span class='ocrx_word' id='word_1_107' title='bbox 1176 1955 1272 2020; x_wconf 88' lang='lat' dir='ltr'><strong>uobis</strong></span> <span class='ocrx_word' id='word_1_108' title='bbox 1290 1954 1396 2019; x_wconf 87' lang='lat' dir='ltr'><strong>doctor</strong></span> 
     </span>
     <span class='ocr_line' id='line_1_15' title="bbox 249 2059 1395 2147; baseline -0.002 -22"><span class='ocrx_word' id='word_1_109' title='bbox 249 2063 389 2137; x_wconf 87' lang='lat' dir='ltr'><strong>interior,</strong></span> <span class='ocrx_word' id='word_1_110' title='bbox 409 2063 501 2128; x_wconf 89' lang='lat' dir='ltr'><strong>cuius</strong></span> <span class='ocrx_word' id='word_1_111' title='bbox 521 2063 623 2147; x_wconf 81' lang='lat' dir='ltr'><strong>grstia</strong></span> <span class='ocrx_word' id='word_1_112' title='bbox 641 2063 723 2127; x_wconf 89' lang='lat' dir='ltr'><strong>tales</strong></span> <span class='ocrx_word' id='word_1_113' title='bbox 743 2063 832 2127; x_wconf 92' lang='lat' dir='ltr'><strong>estis.</strong></span> <span class='ocrx_word' id='word_1_114' title='bbox 852 2083 925 2127; x_wconf 92' lang='lat' dir='ltr'><strong>nam</strong></span> <span class='ocrx_word' id='word_1_115' title='bbox 945 2062 1021 2145; x_wconf 91' lang='lat' dir='ltr'><strong>quid</strong></span> <span class='ocrx_word' id='word_1_116' title='bbox 1040 2061 1201 2127; x_wconf 87' lang='lat' dir='ltr'><strong>hominem</strong></span> <span class='ocrx_word' id='word_1_117' title='bbox 1223 2062 1262 2127; x_wconf 86' lang='lat' dir='ltr'><strong>ad</strong></span> <span class='ocrx_word' id='word_1_118' title='bbox 1280 2059 1395 2144; x_wconf 89' lang='lat' dir='ltr'><strong>aliquid</strong></span> 
     </span>
     <span class='ocr_line' id='line_1_16' title="bbox 251 2168 1431 2252; baseline 0 -19"><span class='ocrx_word' id='word_1_119' title='bbox 251 2170 438 2234; x_wconf 88' lang='lat' dir='ltr'><strong>discendum</strong></span> <span class='ocrx_word' id='word_1_120' title='bbox 466 2169 599 2234; x_wconf 86' lang='lat' dir='ltr'><strong>adiuuat</strong></span> <span class='ocrx_word' id='word_1_121' title='bbox 626 2171 732 2252; x_wconf 91' lang='lat' dir='ltr'><strong>homo,</strong></span> <span class='ocrx_word' id='word_1_122' title='bbox 762 2173 791 2236; x_wconf 92' lang='lat' dir='ltr'><strong>si</strong></span> <span class='ocrx_word' id='word_1_123' title='bbox 813 2190 873 2237; x_wconf 88' lang='lat' dir='ltr'><strong>nou</strong></span> <span class='ocrx_word' id='word_1_124' title='bbox 899 2171 1001 2237; x_wconf 90' lang='lat' dir='ltr'><strong>simus</strong></span> <span class='ocrx_word' id='word_1_125' title='bbox 1026 2169 1213 2236; x_wconf 86' lang='lat' dir='ltr'><strong>docibiles</strong></span> <span class='ocrx_word' id='word_1_126' title='bbox 1239 2168 1395 2235; x_wconf 81' lang='lat' dir='ltr'><strong>domini?</strong></span> <span class='ocrx_word' id='word_1_127' title='bbox 1411 2178 1431 2217; x_wconf 83' lang='lat'><strong>¹⁵</strong></span> 
     </span>
     <span class='ocr_line' id='line_1_17' title="bbox 250 2275 1394 2360; baseline -0.001 -20"><span class='ocrx_word' id='word_1_128' title='bbox 250 2275 337 2340; x_wconf 86' lang='lat' dir='ltr'><strong>etin</strong></span> <span class='ocrx_word' id='word_1_129' title='bbox 361 2277 420 2341; x_wconf 88' lang='lat' dir='ltr'><strong>hac</strong></span> <span class='ocrx_word' id='word_1_130' title='bbox 447 2279 552 2341; x_wconf 89' lang='lat' dir='ltr'><strong>tamen</strong></span> <span class='ocrx_word' id='word_1_131' title='bbox 582 2277 720 2359; x_wconf 87' lang='lat' dir='ltr'><strong>epistula</strong></span> <span class='ocrx_word' id='word_1_132' title='bbox 747 2296 947 2360; x_wconf 86' lang='lat' dir='ltr'><strong>nequaquam</strong></span> <span class='ocrx_word' id='word_1_133' title='bbox 976 2277 1226 2360; x_wconf 84' lang='lat' dir='ltr'><strong>expectationem</strong></span> <span class='ocrx_word' id='word_1_134' title='bbox 1250 2280 1394 2349; x_wconf 88' lang='lat' dir='ltr'><strong>uestram,</strong></span> 
     </span>
    </p>

    <p class='ocr_par' dir='ltr' id='par_1_5' title="bbox 19 2382 1430 3105">
     <span class='ocr_line' id='line_1_18' title="bbox 19 2382 1336 2467; baseline 0.001 -22"><span class='ocrx_word' id='word_1_135' title='bbox 19 2433 26 2466; x_wconf 77' lang='lat'><strong>,</strong></span> <span class='ocrx_word' id='word_1_136' title='bbox 250 2383 336 2446; x_wconf 87' lang='lat' dir='ltr'><strong>sicut</strong></span> <span class='ocrx_word' id='word_1_137' title='bbox 358 2382 505 2447; x_wconf 86' lang='lat' dir='ltr'><strong>dominus</strong></span> <span class='ocrx_word' id='word_1_138' title='bbox 529 2382 671 2460; x_wconf 84' lang='lat' dir='ltr'><strong>adiuuat,</strong></span> <span class='ocrx_word' id='word_1_139' title='bbox 694 2384 785 2448; x_wconf 88' lang='lat' dir='ltr'><strong>breui</strong></span> <span class='ocrx_word' id='word_1_140' title='bbox 808 2383 923 2447; x_wconf 87' lang='lat' dir='ltr'><strong>saltem</strong></span> <span class='ocrx_word' id='word_1_141' title='bbox 945 2383 1151 2467; x_wconf 86' lang='lat' dir='ltr'><strong>responsione</strong></span> <span class='ocrx_word' id='word_1_142' title='bbox 1174 2382 1336 2448; x_wconf 84' lang='lat' dir='ltr'><strong>fraudabo.</strong></span> 
     </span>
     <span class='ocr_line' id='line_1_19' title="bbox 208 2488 1392 2572; baseline -0.001 -20"><span class='ocrx_word' id='word_1_143' title='bbox 208 2490 228 2552; x_wconf 92' lang='grc'>2</span> <span class='ocrx_word' id='word_1_144' title='bbox 297 2489 453 2553; x_wconf 88' lang='lat' dir='ltr'><strong>Dominus</strong></span> <span class='ocrx_word' id='word_1_145' title='bbox 487 2489 545 2554; x_wconf 84' lang='lat' dir='ltr'><strong>ait:</strong></span> <span class='ocrx_word' id='word_1_146' title='bbox 584 2488 657 2568; x_wconf 80' lang='lat' dir='ltr'><strong>Qui</strong></span> <span class='ocrx_word' id='word_1_147' title='bbox 694 2490 902 2555; x_wconf 82' lang='lat' dir='ltr'><strong>crediderit</strong></span> <span class='ocrx_word' id='word_1_148' title='bbox 939 2492 975 2555; x_wconf 89' lang='lat' dir='ltr'><strong>et</strong></span> <span class='ocrx_word' id='word_1_149' title='bbox 1012 2490 1233 2572; x_wconf 85' lang='lat' dir='ltr'><strong>baptizatus</strong></span> <span class='ocrx_word' id='word_1_150' title='bbox 1270 2489 1392 2563; x_wconf 82' lang='lat' dir='ltr'><strong>fuerit,</strong></span> 
     </span>
     <span class='ocr_line' id='line_1_20' title="bbox 251 2596 1392 2679; baseline -0.002 -20"><span class='ocrx_word' id='word_1_151' title='bbox 251 2596 383 2660; x_wconf 88' lang='lat' dir='ltr'><strong>saluus</strong></span> <span class='ocrx_word' id='word_1_152' title='bbox 404 2597 490 2673; x_wconf 81' lang='lat' dir='ltr'><strong>erit3</strong></span> <span class='ocrx_word' id='word_1_153' title='bbox 516 2597 579 2679; x_wconf 89' lang='lat' dir='ltr'><strong>qui</strong></span> <span class='ocrx_word' id='word_1_154' title='bbox 599 2600 722 2662; x_wconf 86' lang='lat' dir='ltr'><strong>nutem</strong></span> <span class='ocrx_word' id='word_1_155' title='bbox 742 2616 812 2661; x_wconf 91' lang='lat' dir='ltr'><strong>nou</strong></span> <span class='ocrx_word' id='word_1_156' title='bbox 833 2596 1049 2673; x_wconf 87' lang='lat' dir='ltr'><strong>crediderit,</strong></span> <span class='ocrx_word' id='word_1_157' title='bbox 1074 2596 1392 2662; x_wconf 88' lang='lat' dir='ltr'><strong>condemnabitur.</strong></span> 
     </span>
     <span class='ocr_line' id='line_1_21' title="bbox 227 2700 1430 2787; baseline -0.001 -20"><span class='ocrx_word' id='word_1_158' title='bbox 227 2703 278 2767; x_wconf 90' lang='lat' dir='ltr'><strong>&#39;si</strong></span> <span class='ocrx_word' id='word_1_159' title='bbox 310 2722 395 2787; x_wconf 84' lang='lat' dir='ltr'><strong>ergo.</strong></span> <span class='ocrx_word' id='word_1_160' title='bbox 428 2704 555 2785; x_wconf 87' lang='lat' dir='ltr'><strong>paruuli</strong></span> <span class='ocrx_word' id='word_1_161' title='bbox 588 2723 661 2769; x_wconf 91' lang='lat' dir='ltr'><strong>eum</strong></span> <span class='ocrx_word' id='word_1_162' title='bbox 691 2703 902 2786; x_wconf 82' lang='lat' dir='ltr'><strong>baptizantur,</strong></span> <span class='ocrx_word' id='word_1_163' title='bbox 936 2723 996 2769; x_wconf 90' lang='lat' dir='ltr'><strong>uon</strong></span> <span class='ocrx_word' id='word_1_164' title='bbox 1025 2704 1159 2769; x_wconf 84' lang='lat' dir='ltr'><strong>inaniter</strong></span> <span class='ocrx_word' id='word_1_165' title='bbox 1186 2702 1314 2776; x_wconf 86' lang='lat' dir='ltr'><strong>dieitur,</strong></span> <span class='ocrx_word' id='word_1_166' title='bbox 1342 2700 1393 2767; x_wconf 91' lang='lat' dir='ltr'><strong>sod</strong></span> <span class='ocrx_word' id='word_1_167' title='bbox 1408 2710 1430 2748; x_wconf 77' lang='lat'><strong>³⁰</strong></span> 
     </span>
     <span class='ocr_line' id='line_1_22' title="bbox 250 2809 1392 2894; baseline -0.001 -20"><span class='ocrx_word' id='word_1_168' title='bbox 250 2811 405 2874; x_wconf 83' lang='lat' dir='ltr'><strong>ueraciter</strong></span> <span class='ocrx_word' id='word_1_169' title='bbox 436 2811 552 2894; x_wconf 87' lang='lat' dir='ltr'><strong>agitur,</strong></span> <span class='ocrx_word' id='word_1_170' title='bbox 585 2816 623 2875; x_wconf 89' lang='lat' dir='ltr'><strong>ut</strong></span> <span class='ocrx_word' id='word_1_171' title='bbox 654 2812 736 2876; x_wconf 90' lang='lat' dir='ltr'><strong>iuter</strong></span> <span class='ocrx_word' id='word_1_172' title='bbox 767 2811 931 2875; x_wconf 89' lang='lat' dir='ltr'><strong>credentes</strong></span> <span class='ocrx_word' id='word_1_173' title='bbox 964 2810 1149 2887; x_wconf 87' lang='lat' dir='ltr'><strong>habeantur,</strong></span> <span class='ocrx_word' id='word_1_174' title='bbox 1188 2809 1271 2875; x_wconf 90' lang='lat' dir='ltr'><strong>uude</strong></span> <span class='ocrx_word' id='word_1_175' title='bbox 1302 2809 1392 2875; x_wconf 88' lang='lat' dir='ltr'><strong>etiam</strong></span> 
     </span>
     <span class='ocr_line' id='line_1_23' title="bbox 250 2914 1393 2999; baseline 0.001 -19"><span class='ocrx_word' id='word_1_176' title='bbox 250 2936 334 2981; x_wconf 91' lang='lat' dir='ltr'><strong>noua</strong></span> <span class='ocrx_word' id='word_1_177' title='bbox 350 2917 455 2999; x_wconf 91' lang='lat' dir='ltr'><strong>proles</strong></span> <span class='ocrx_word' id='word_1_178' title='bbox 471 2937 529 2981; x_wconf 92' lang='lat' dir='ltr'><strong>ore</strong></span> <span class='ocrx_word' id='word_1_179' title='bbox 548 2916 802 2983; x_wconf 77' lang='lat' dir='ltr'><strong>Christianorum</strong></span> <span class='ocrx_word' id='word_1_180' title='bbox 822 2918 963 2983; x_wconf 89' lang='lat' dir='ltr'><strong>omnium</strong></span> <span class='ocrx_word' id='word_1_181' title='bbox 988 2920 1222 2999; x_wconf 89' lang='lat' dir='ltr'><strong>nuncupantur,</strong></span> <span class='ocrx_word' id='word_1_182' title='bbox 1245 2914 1393 2998; x_wconf 83' lang='lat' dir='ltr'><strong>profecto,</strong></span> 
     </span>
     <span class='ocr_line' id='line_1_24' title="bbox 250 3020 1393 3105; baseline 0.001 -21"><span class='ocrx_word' id='word_1_183' title='bbox 250 3023 277 3085; x_wconf 87' lang='lat' dir='ltr'><strong>si</strong></span> <span class='ocrx_word' id='word_1_184' title='bbox 310 3040 370 3086; x_wconf 89' lang='lat' dir='ltr'><strong>non</strong></span> <span class='ocrx_word' id='word_1_185' title='bbox 404 3022 603 3100; x_wconf 86' lang='lat' dir='ltr'><strong>crediderint,</strong></span> <span class='ocrx_word' id='word_1_186' title='bbox 636 3023 930 3089; x_wconf 89' lang='lat' dir='ltr'><strong>condemnabuntur</strong></span> <span class='ocrx_word' id='word_1_187' title='bbox 958 3042 994 3089; x_wconf 88' lang='lat' dir='ltr'><strong>ac</strong></span> <span class='ocrx_word' id='word_1_188' title='bbox 1025 3042 1082 3105; x_wconf 89' lang='lat' dir='ltr'><strong>per</strong></span> <span class='ocrx_word' id='word_1_189' title='bbox 1114 3022 1184 3101; x_wconf 92' lang='lat' dir='ltr'><strong>hoc,</strong></span> <span class='ocrx_word' id='word_1_190' title='bbox 1219 3022 1293 3105; x_wconf 83' lang='lat' dir='ltr'><strong>quin</strong></span> <span class='ocrx_word' id='word_1_191' title='bbox 1319 3020 1393 3085; x_wconf 91' lang='lat' dir='ltr'><strong>nibil</strong></span> 
     </span>
    </p>
   </div>
   <div class='ocr_carea' id='block_1_5' title="bbox 340 3226 1052 3294">
    <p class='ocr_par' dir='ltr' id='par_1_6' title="bbox 340 3226 1052 3294">
     <span class='ocr_line' id='line_1_25' title="bbox 340 3226 1052 3294; baseline 0 -13"><span class='ocrx_word' id='word_1_192' title='bbox 340 3228 372 3282; x_wconf 77' lang='lat'><strong>15</strong></span> <span class='ocrx_word' id='word_1_193' title='bbox 391 3226 450 3281; x_wconf 93' lang='lat' dir='ltr'><strong>Ich.</strong></span> <span class='ocrx_word' id='word_1_194' title='bbox 469 3228 494 3290; x_wconf 89' lang='lat'><strong>6,</strong></span> <span class='ocrx_word' id='word_1_195' title='bbox 513 3229 561 3293; x_wconf 80' lang='lat'><strong>45;</strong></span> <span class='ocrx_word' id='word_1_196' title='bbox 579 3228 627 3282; x_wconf 84' lang='lat' dir='ltr'><strong>Es.</strong></span> <span class='ocrx_word' id='word_1_197' title='bbox 646 3230 691 3294; x_wconf 82' lang='lat'><strong>54,</strong></span> <span class='ocrx_word' id='word_1_198' title='bbox 712 3230 744 3283; x_wconf 84' lang='lat'><strong>13</strong></span> <span class='ocrx_word' id='word_1_199' title='bbox 802 3230 834 3283; x_wconf 87' lang='lat'><strong>18</strong></span> <span class='ocrx_word' id='word_1_200' title='bbox 853 3230 935 3283; x_wconf 81' lang='lat' dir='ltr'><strong>More.</strong></span> <span class='ocrx_word' id='word_1_201' title='bbox 957 3229 998 3292; x_wconf 89' lang='grc'><strong>16,</strong></span> <span class='ocrx_word' id='word_1_202' title='bbox 1020 3229 1052 3283; x_wconf 88' lang='grc'><strong>16</strong></span> 
     </span>
    </p>
   </div>
   <div class='ocr_carea' id='block_1_6' title="bbox 359 3405 1048 3475">
    <p class='ocr_par' dir='ltr' id='par_1_7' title="bbox 359 3405 1048 3475">
     <span class='ocr_line' id='line_1_26' title="bbox 359 3405 1048 3475; baseline -0.001 -16"><span class='ocrx_word' id='word_1_203' title='bbox 359 3405 384 3459; x_wconf 84' lang='lat' dir='ltr'><strong><em>G</em></strong></span> <span class='ocrx_word' id='word_1_204' title='bbox 403 3431 436 3450; x_wconf 89' lang='lat'><strong><em>=</em></strong></span> <span class='ocrx_word' id='word_1_205' title='bbox 456 3406 514 3458; x_wconf 88' lang='lat' dir='ltr'><strong>cod.</strong></span> <span class='ocrx_word' id='word_1_206' title='bbox 537 3405 723 3460; x_wconf 79' lang='lat' dir='ltr'><strong>Goltuiceaeis</strong></span> <span class='ocrx_word' id='word_1_207' title='bbox 742 3409 779 3459; x_wconf 77' lang='lat'><strong>14</strong></span> <span class='ocrx_word' id='word_1_208' title='bbox 798 3410 864 3475; x_wconf 88' lang='grc'><em>(33)</em></span> <span class='ocrx_word' id='word_1_209' title='bbox 883 3424 905 3459; x_wconf 83' lang='lat' dir='ltr'><strong>s.</strong></span> <span class='ocrx_word' id='word_1_210' title='bbox 925 3406 994 3459; x_wconf 83' lang='lat' dir='ltr'><strong>XII</strong></span> <span class='ocrx_word' id='word_1_211' title='bbox 1009 3406 1048 3458; x_wconf 82' lang='lat' dir='ltr'><strong>in.</strong></span> 
     </span>
    </p>
   </div>
   <div class='ocr_carea' id='block_1_7' title="bbox 248 3546 1391 3881">
    <p class='ocr_par' dir='ltr' id='par_1_8' title="bbox 248 3546 1391 3881">
     <span class='ocr_line' id='line_1_27' title="bbox 336 3546 1391 3617; baseline 0.001 -18"><span class='ocrx_word' id='word_1_212' title='bbox 336 3546 416 3599; x_wconf 80' lang='lat' dir='ltr'><strong>Hace</strong></span> <span class='ocrx_word' id='word_1_213' title='bbox 434 3546 555 3613; x_wconf 77' lang='lat' dir='ltr'><strong>epistula</strong></span> <span class='ocrx_word' id='word_1_214' title='bbox 573 3562 607 3599; x_wconf 82' lang='lat' dir='ltr'><strong>ex</strong></span> <span class='ocrx_word' id='word_1_215' title='bbox 624 3547 715 3601; x_wconf 79' lang='lat' dir='ltr'><strong>codice</strong></span> <span class='ocrx_word' id='word_1_216' title='bbox 735 3546 908 3602; x_wconf 80' lang='lat' dir='ltr'><strong>Gotluiceosi</strong></span> <span class='ocrx_word' id='word_1_217' title='bbox 922 3549 1044 3615; x_wconf 71' lang='lat' dir='ltr'><strong>primam</strong></span> <span class='ocrx_word' id='word_1_218' title='bbox 1063 3548 1138 3602; x_wconf 81' lang='lat' dir='ltr'><strong>edita</strong></span> <span class='ocrx_word' id='word_1_219' title='bbox 1153 3553 1192 3602; x_wconf 81' lang='lat' dir='ltr'><strong>est</strong></span> <span class='ocrx_word' id='word_1_220' title='bbox 1207 3564 1226 3601; x_wconf 86' lang='lat' dir='ltr'><strong>a</strong></span> <span class='ocrx_word' id='word_1_221' title='bbox 1242 3548 1391 3617; x_wconf 82' lang='lat' dir='ltr'><strong>Godosra&#39;do</strong></span> 
     </span>
     <span class='ocr_line' id='line_1_28' title="bbox 248 3634 1391 3707; baseline 0.002 -20"><span class='ocrx_word' id='word_1_222' title='bbox 248 3635 370 3688; x_wconf 81' lang='lat' dir='ltr'><strong>Bessela&#39;o</strong></span> <span class='ocrx_word' id='word_1_223' title='bbox 395 3635 495 3688; x_wconf 84' lang='lat' dir='ltr'><strong>abbate</strong></span> <span class='ocrx_word' id='word_1_224' title='bbox 522 3634 646 3688; x_wconf 79' lang='lat' dir='ltr'><strong>Viennae</strong></span> <span class='ocrx_word' id='word_1_225' title='bbox 668 3636 803 3689; x_wconf 76' lang='lat' dir='ltr'><strong>Austaa&#39;ac</strong></span> <span class='ocrx_word' id='word_1_226' title='bbox 825 3640 903 3690; x_wconf 81' lang='lat'><em>1732</em></span> <span class='ocrx_word' id='word_1_227' title='bbox 925 3642 950 3689; x_wconf 81' lang='lat' dir='ltr'><strong>ct</strong></span> <span class='ocrx_word' id='word_1_228' title='bbox 972 3640 1063 3703; x_wconf 71' lang='lat'><strong>1733,¹</strong></span> <span class='ocrx_word' id='word_1_229' title='bbox 1087 3638 1160 3705; x_wconf 80' lang='lat' dir='ltr'><strong>typis</strong></span> <span class='ocrx_word' id='word_1_230' title='bbox 1181 3638 1299 3707; x_wconf 79' lang='lat' dir='ltr'><strong>repetito</strong></span> <span class='ocrx_word' id='word_1_231' title='bbox 1320 3644 1391 3691; x_wconf 83' lang='lat' dir='ltr'><strong>esto</strong></span> 
     </span>
     <span class='ocr_line' id='line_1_29' title="bbox 248 3723 1390 3795; baseline 0.004 -20"><span class='ocrx_word' id='word_1_232' title='bbox 248 3724 351 3777; x_wconf 83' lang='lat' dir='ltr'><strong>Iacobo</strong></span> <span class='ocrx_word' id='word_1_233' title='bbox 370 3723 498 3777; x_wconf 78' lang='lat' dir='ltr'><strong>Martiae</strong></span> <span class='ocrx_word' id='word_1_234' title='bbox 517 3724 639 3778; x_wconf 80' lang='lat' dir='ltr'><strong>Parisiis</strong></span> <span class='ocrx_word' id='word_1_235' title='bbox 658 3728 737 3777; x_wconf 79' lang='lat'><em>1734</em></span> <span class='ocrx_word' id='word_1_236' title='bbox 759 3730 784 3778; x_wconf 81' lang='lat' dir='ltr'><strong>cl</strong></span> <span class='ocrx_word' id='word_1_237' title='bbox 808 3726 836 3778; x_wconf 81' lang='lat' dir='ltr'><strong>ic</strong></span> <span class='ocrx_word' id='word_1_238' title='bbox 862 3725 1027 3780; x_wconf 80' lang='lat' dir='ltr'><strong>bibliotheca</strong></span> <span class='ocrx_word' id='word_1_239' title='bbox 1047 3724 1189 3779; x_wconf 79' lang='lat' dir='ltr'><strong>Gallcnda&#39;</strong></span> <span class='ocrx_word' id='word_1_240' title='bbox 1206 3732 1233 3779; x_wconf 87' lang='lat' dir='ltr'><strong>et</strong></span> <span class='ocrx_word' id='word_1_241' title='bbox 1250 3726 1281 3779; x_wconf 77' lang='lat' dir='ltr'><strong>is</strong></span> <span class='ocrx_word' id='word_1_242' title='bbox 1301 3731 1390 3795; x_wconf 75' lang='lat' dir='ltr'><strong>potro-</strong></span> 
     </span>
     <span class='ocr_line' id='line_1_30' title="bbox 248 3812 503 3881; baseline 0 -16"><span class='ocrx_word' id='word_1_243' title='bbox 248 3812 323 3881; x_wconf 76' lang='lat' dir='ltr'><strong>iopia</strong></span> <span class='ocrx_word' id='word_1_244' title='bbox 340 3812 503 3881; x_wconf 67' lang='lat' dir='ltr'><strong>Mc&#39;prrs&#39;ona.</strong></span> 
     </span>
    </p>
   </div>
   <div class='ocr_carea' id='block_1_8' title="bbox 249 3986 1388 4236">
    <p class='ocr_par' dir='ltr' id='par_1_9' title="bbox 249 3986 1388 4236">
     <span class='ocr_line' id='line_1_31' title="bbox 283 3986 1388 4058; baseline 0.001 -17"><span class='ocrx_word' id='word_1_245' title='bbox 283 3988 356 4057; x_wconf 81' lang='lat' dir='ltr'><strong>lucip</strong></span> <span class='ocrx_word' id='word_1_246' title='bbox 375 3986 444 4042; x_wconf 83' lang='lat' dir='ltr'><strong>ei&#39;de</strong></span> <span class='ocrx_word' id='word_1_247' title='bbox 463 3988 517 4042; x_wconf 82' lang='lat' dir='ltr'><strong>alie</strong></span> <span class='ocrx_word' id='word_1_248' title='bbox 535 3988 600 4057; x_wconf 82' lang='lat' dir='ltr'><strong>epla</strong></span> <span class='ocrx_word' id='word_1_249' title='bbox 618 3986 654 4041; x_wconf 90' lang='lat' dir='ltr'><strong>ad</strong></span> <span class='ocrx_word' id='word_1_250' title='bbox 672 3992 779 4058; x_wconf 80' lang='lat' dir='ltr'><strong>petru&gt;</strong></span> <span class='ocrx_word' id='word_1_251' title='bbox 798 3988 920 4043; x_wconf 70' lang='lat' dir='ltr'><strong>habrahe</strong></span> <span class='ocrx_word' id='word_1_252' title='bbox 939 3988 971 4043; x_wconf 90' lang='lat' dir='ltr'><strong>de</strong></span> <span class='ocrx_word' id='word_1_253' title='bbox 991 4005 1023 4041; x_wconf 91' lang='lat' dir='ltr'><strong>ea</strong></span> <span class='ocrx_word' id='word_1_254' title='bbox 1041 4004 1070 4042; x_wconf 92' lang='lat' dir='ltr'><strong>re</strong></span> <span class='ocrx_word' id='word_1_255' title='bbox 1092 3988 1118 4045; x_wconf 87' lang='lat' dir='ltr'><strong><em>G</em></strong></span> <span class='ocrx_word' id='word_1_256' title='bbox 1176 3992 1193 4043; x_wconf 89' lang='grc'>2</span> <span class='ocrx_word' id='word_1_257' title='bbox 1212 3990 1347 4045; x_wconf 79' lang='lat' dir='ltr'><strong>habrahae</strong></span> <span class='ocrx_word' id='word_1_258' title='bbox 1366 3988 1388 4042; x_wconf 87' lang='lat' dir='ltr'><strong><em>G</em></strong></span> 
     </span>
     <span class='ocr_line' id='line_1_32' title="bbox 249 4076 1388 4149; baseline 0 -18"><span class='ocrx_word' id='word_1_259' title='bbox 249 4078 282 4131; x_wconf 92' lang='lat'><strong>10</strong></span> <span class='ocrx_word' id='word_1_260' title='bbox 301 4081 413 4146; x_wconf 88' lang='lat' dir='ltr'><strong>quatum</strong></span> <span class='ocrx_word' id='word_1_261' title='bbox 434 4076 461 4130; x_wconf 79' lang='lat' dir='ltr'><strong><em>G</em></strong></span> <span class='ocrx_word' id='word_1_262' title='bbox 499 4078 530 4130; x_wconf 94' lang='grc'><strong>11</strong></span> <span class='ocrx_word' id='word_1_263' title='bbox 550 4077 660 4130; x_wconf 82' lang='lat' dir='ltr'><strong>seruitio</strong></span> <span class='ocrx_word' id='word_1_264' title='bbox 681 4081 779 4144; x_wconf 82' lang='lat' dir='ltr'><strong>(postr.</strong></span> <span class='ocrx_word' id='word_1_265' title='bbox 801 4078 818 4131; x_wconf 88' lang='lat' dir='ltr'><strong>l.</strong></span> <span class='ocrx_word' id='word_1_266' title='bbox 838 4080 869 4132; x_wconf 82' lang='lat' dir='ltr'><strong>in</strong></span> <span class='ocrx_word' id='word_1_267' title='bbox 887 4094 944 4132; x_wconf 79' lang='lat' dir='ltr'><strong>ras.</strong></span> <span class='ocrx_word' id='word_1_268' title='bbox 963 4094 999 4131; x_wconf 85' lang='lat' dir='ltr'><strong>m.</strong></span> <span class='ocrx_word' id='word_1_269' title='bbox 1018 4078 1091 4138; x_wconf 76' lang='lat' dir='ltr'><strong>IJG</strong></span> <span class='ocrx_word' id='word_1_270' title='bbox 1134 4080 1166 4133; x_wconf 84' lang='lat'><strong>15</strong></span> <span class='ocrx_word' id='word_1_271' title='bbox 1187 4076 1388 4149; x_wconf 65' lang='lat' dir='ltr'><strong>adsediuuatG</strong></span> 
     </span>
     <span class='ocr_line' id='line_1_33' title="bbox 282 4165 1387 4236; baseline 0.003 -18"><span class='ocrx_word' id='word_1_272' title='bbox 282 4182 337 4218; x_wconf 89' lang='lat' dir='ltr'><strong>non</strong></span> <span class='ocrx_word' id='word_1_273' title='bbox 356 4165 458 4219; x_wconf 88' lang='lat' dir='ltr'><strong>similes</strong></span> <span class='ocrx_word' id='word_1_274' title='bbox 476 4166 560 4219; x_wconf 87' lang='lat' dir='ltr'><strong>simus</strong></span> <span class='ocrx_word' id='word_1_275' title='bbox 579 4166 693 4236; x_wconf 83' lang='lat' dir='ltr'><strong>(similes</strong></span> <span class='ocrx_word' id='word_1_276' title='bbox 711 4184 746 4219; x_wconf 90' lang='lat' dir='ltr'><strong>m.</strong></span> <span class='ocrx_word' id='word_1_277' title='bbox 766 4172 781 4219; x_wconf 84' lang='lat'><strong><em>1</em></strong></span> <span class='ocrx_word' id='word_1_278' title='bbox 800 4166 863 4233; x_wconf 81' lang='lat' dir='ltr'><strong>det.)</strong></span> <span class='ocrx_word' id='word_1_279' title='bbox 886 4166 912 4221; x_wconf 86' lang='lat' dir='ltr'><strong><em>G</em></strong></span> <span class='ocrx_word' id='word_1_280' title='bbox 1016 4167 1125 4232; x_wconf 87' lang='lat' dir='ltr'><strong>dociles,</strong></span> <span class='ocrx_word' id='word_1_281' title='bbox 1144 4186 1179 4223; x_wconf 85' lang='lat' dir='ltr'><strong>m.</strong></span> <span class='ocrx_word' id='word_1_282' title='bbox 1200 4174 1215 4222; x_wconf 86' lang='lat'><strong><em>1</em></strong></span> <span class='ocrx_word' id='word_1_283' title='bbox 1232 4186 1303 4225; x_wconf 82' lang='lat' dir='ltr'><strong>corr.</strong></span> <span class='ocrx_word' id='word_1_284' title='bbox 1320 4168 1387 4221; x_wconf 87' lang='lat' dir='ltr'><strong>doei-</strong></span> 
     </span>
    </p>
   </div>
   <div class='ocr_carea' id='block_1_9' title="bbox 246 4254 1387 4409">
    <p class='ocr_par' dir='ltr' id='par_1_10' title="bbox 246 4254 1387 4409">
     <span class='ocr_line' id='line_1_34' title="bbox 246 4254 1387 4328; baseline 0.003 -22"><span class='ocrx_word' id='word_1_285' title='bbox 246 4255 316 4308; x_wconf 89' lang='lat' dir='ltr'><strong>biles</strong></span> <span class='ocrx_word' id='word_1_286' title='bbox 338 4254 364 4307; x_wconf 86' lang='lat' dir='ltr'><strong><em>G</em></strong></span> <span class='ocrx_word' id='word_1_287' title='bbox 427 4255 460 4308; x_wconf 82' lang='lat'><strong>17</strong></span> <span class='ocrx_word' id='word_1_288' title='bbox 479 4270 651 4323; x_wconf 81' lang='lat' dir='ltr'><strong>responsore,</strong></span> <span class='ocrx_word' id='word_1_289' title='bbox 669 4273 704 4309; x_wconf 87' lang='lat' dir='ltr'><strong>m.</strong></span> <span class='ocrx_word' id='word_1_290' title='bbox 723 4261 738 4309; x_wconf 88' lang='lat'><strong><em>1</em></strong></span> <span class='ocrx_word' id='word_1_291' title='bbox 757 4272 827 4310; x_wconf 72' lang='lat' dir='ltr'><strong>corr.</strong></span> <span class='ocrx_word' id='word_1_292' title='bbox 846 4258 1020 4327; x_wconf 86' lang='lat' dir='ltr'><strong>responsione</strong></span> <span class='ocrx_word' id='word_1_293' title='bbox 1042 4258 1068 4311; x_wconf 89' lang='lat' dir='ltr'><strong><em>G</em></strong></span> <span class='ocrx_word' id='word_1_294' title='bbox 1135 4258 1171 4312; x_wconf 89' lang='grc'><strong>20</strong></span> <span class='ocrx_word' id='word_1_295' title='bbox 1189 4258 1348 4328; x_wconf 84' lang='lat' dir='ltr'><strong>bapizantnr</strong></span> <span class='ocrx_word' id='word_1_296' title='bbox 1366 4254 1387 4309; x_wconf 89' lang='lat' dir='ltr'><strong><em>G</em></strong></span> 
     </span>
     <span class='ocr_line' id='line_1_35' title="bbox 246 4344 671 4409; baseline 0.007 -14"><span class='ocrx_word' id='word_1_297' title='bbox 246 4344 281 4395; x_wconf 84' lang='lat'><strong>22</strong></span> <span class='ocrx_word' id='word_1_298' title='bbox 300 4360 373 4397; x_wconf 87' lang='lat' dir='ltr'><strong>noua</strong></span> <span class='ocrx_word' id='word_1_299' title='bbox 391 4358 451 4409; x_wconf 76' lang='lat' dir='ltr'><strong>om,</strong></span> <span class='ocrx_word' id='word_1_300' title='bbox 470 4361 505 4398; x_wconf 85' lang='lat' dir='ltr'><strong>m.</strong></span> <span class='ocrx_word' id='word_1_301' title='bbox 524 4348 539 4395; x_wconf 88' lang='lat'><strong><em>1</em></strong></span> <span class='ocrx_word' id='word_1_302' title='bbox 558 4344 623 4404; x_wconf 86' lang='lat' dir='ltr'><strong>odd.</strong></span> <span class='ocrx_word' id='word_1_303' title='bbox 647 4346 671 4398; x_wconf 86' lang='lat' dir='ltr'><strong><em>G</em></strong></span> 
     </span>
    </p>
   </div>
   <div class='ocr_carea' id='block_1_10' title="bbox 0 0 1550 4951">
    <p class='ocr_par' dir='ltr' id='par_1_11' title="bbox 0 0 1550 4951">
     <span class='ocr_line' id='line_1_36' title="bbox 0 0 1550 4951; baseline 0 0"><span class='ocrx_word' id='word_1_304' title='bbox 0 0 1550 4951; x_wconf 95' lang='lat' dir='ltr'><strong> </strong></span> 
     </span>
    </p>
   </div>
  </div>
 </body>
</html>
