3092 4959
503 351 766 420 epistularum
795 349 914 405 cxxix,
1239 354 1281 419 39

119 564 167 609 ne
193 546 286 621 forte,
311 544 397 628 quod
425 545 519 625 absit,
543 545 603 609 hoc
632 548 835 629 praeparetur
861 546 980 627 potius,
1006 545 1090 628 quod
1119 565 1281 623 canemus,

121 669 227 733 quam
253 651 338 733 quod
361 654 519 733 optamuu
550 652 595 716 sic
625 652 840 717 consentimus
863 651 976 716 adesse
1000 671 1109 717 omnes
1132 652 1217 730 illos,
1245 656 1284 718 ut

120 762 238 821 tamen
258 777 277 821 a
295 758 386 823 nobie
406 761 513 823 tantus
533 759 617 823 adsit
631 777 794 836 numerus,
810 762 947 840 quantus
962 763 1036 823 tuae
1053 759 1283 842 spectabilitati

121 863 279 928 sufficere
302 866 393 929 uisus
417 869 478 941 est,
501 868 537 929 ut
559 866 796 929 tumultuosum
820 884 876 947 per
898 866 1009 930 turbas
1033 865 1060 929 si
1084 864 1161 948 quid
1184 885 1282 930 emer·

85 971 221 1049 escrit,
248 972 374 1036 nonnisi
403 971 447 1036 eis
476 975 561 1036 recte
588 972 763 1055 inputetur,
791 971 822 1036 in
851 990 985 1054 quorum
1014 974 1101 1054 parte
1133 991 1282 1056 praesens

118 1078 228 1143 fuerit
256 1078 294 1141 ad
325 1096 403 1154 rem,
432 1096 512 1159 quae
536 1097 555 1141 a
577 1078 688 1159 paucis
721 1078 843 1161 agenda
875 1084 933 1155 cst,
964 1078 1090 1143 omnino
1123 1078 1284 1162 superflua

120 1183 316 1249 multitudo.
356 1183 384 1249 si
422 1186 539 1261 autem,
578 1183 661 1267 quod
698 1185 784 1249 uotis
822 1184 969 1249 omnibus
1006 1186 1164 1268 cupimus,
1197 1185 1282 1267 quod

120 1291 277 1355 ardenter
308 1290 498 1373 appetimus,
528 1289 612 1373 quod
645 1290 833 1373 suppliciter
860 1310 878 1354 a
906 1291 1033 1357 domino
1066 1291 1282 1375 deprecamur,

121 1418 229 1463 causa
257 1397 389 1461 unitatis
423 1396 583 1463 faciendae
613 1398 667 1461 illa
695 1398 755 1461 erit
786 1398 963 1463 necessaria
994 1398 1178 1476 multitudo,
1209 1417 1282 1463 cum

71 1534 98 1574 ιο
119 1503 303 1585 noluerint,
323 1522 432 1568 omnes
451 1503 609 1568 aderimus
630 1504 719 1568 etad
743 1508 867 1568 tanturn
886 1505 1004 1569 bonum
1024 1504 1080 1568 illo
1100 1504 1282 1580 adiuuante,

121 1611 183 1695 qui
199 1612 262 1675 hoo
277 1610 383 1689 donat,
398 1610 542 1674 alacriter
556 1610 796 1675 condolebimus
811 1610 964 1675 dicentes:
980 1610 1140 1675 ‘Fratres
1160 1614 1280 1681 nostri

121 1718 240 1783 estis¹
264 1735 326 1780 non
354 1718 417 1781 iam
446 1716 503 1793 eis,
528 1718 582 1799 qui
609 1736 666 1780 nos
697 1717 905 1795 detestantur,
929 1718 984 1781 sed
1013 1717 1067 1799 qni
1096 1717 1167 1781 odio
1191 1716 1282 1781 finito

122 1824 381 1907 amplectuntur,
404 1825 446 1887 ut
472 1842 611 1888 nomen
641 1824 788 1888 domini
820 1824 1128 1889 honorificetur
1156 1827 1195 1887 et
1222 1843 1281 1905 ap·

121 1932 276 2015 pareat
298 1928 390 1993 illis
413 1929 446 1993 in
471 1929 735 1995 iucunditate
759 1930 822 1994 iam
847 1930 1012 1993 nobiscum
1037 1930 1280 2013 experientibus,

75 2070 100 2109 1⁵
123 2056 251 2121 quam
281 2037 428 2100 bonum
456 2036 499 2101 sit
532 2040 570 2101 ei
603 2036 825 2101 iucundum
856 2036 1008 2100 iratres
1041 2036 1281 2101 habitantes

122 2145 166 2208 in
193 2162 325 2207 unum.

175 2246 232 2337 [Ec
256 2248 318 2313 alia
341 2246 463 2336 meunt]
490 2248 645 2331 Optamus
669 2252 712 2327 te,
736 2248 792 2328 fili,
816 2249 848 2313 in
873 2249 930 2313 deo
954 2248 1033 2312 bene
1056 2248 1173 2313 ualere.

175 2354 272 2443 [Item
301 2354 363 2419 alia
390 2352 513 2441 meum]
542 2355 691 2420 Aurelius
721 2356 891 2439 episcopus
919 2355 1073 2420 ccclesiae
1105 2354 1280 2419 catholicae

124 2462 393 2545 Carthaginensis
416 2462 602 2545 subscripsi.

75 2604 103 2641 eo
172 2566 299 2657 [Itemz]
335 2566 484 2633 Siluanus
516 2569 636 2651 primae
670 2568 754 2633 sedis
787 2568 970 2651 prouinciae
1003 2567 1172 2632 Numidiae
1205 2565 1280 2632 sub-

124 2694 259 2759 scripsi.

224 2868 254 2922 ll
276 2867 322 2923 Es.
342 2867 386 2936 66,
405 2868 420 2921 5
440 2883 492 2921 sec.
513 2866 642 2937 Septuag.
660 2942 674 2957 fl
699 2868 733 2920 14
752 2866 796 2920 Pe.
817 2866 876 2929 132,
897 2868 910 2919 1

163 3045 182 3096 2
203 3042 243 3097 sic
262 3058 314 3123 om.
335 3058 360 3095 m
415 3042 431 3096 8
451 3042 577 3111 petimus,
597 3060 630 3097 m.
646 3047 661 3095 1
680 3058 747 3095 corr.
769 3041 922 3113 adpetimus
936 3042 963 3095 P
1013 3041 1043 3096 ll
1065 3042 1279 3108 conuolauimos,

126 3152 162 3187 m.
187 3131 430 3187 Sconuolabimus
449 3132 476 3184 P
530 3132 563 3185 19
583 3133 704 3201 carthag'
724 3132 855 3185 subscrib¹
876 3132 903 3184 P
956 3132 991 3185 20
1010 3132 1041 3185 it’
1062 3132 1090 3184 P
1158 3130 1235 3201 prou'
1253 3130 1280 3183 P
