3092 4959
474 216 737 285 epistularum
767 216 1009 274 cxxlvcxxv.

675 411 800 477 CXXV.

162 550 312 607 DOMINO
336 551 552 606 BEATISSIMO
576 552 623 606 ET
646 553 941 606 VENERABILITHR
962 552 1156 608 CARISSIHO
1181 553 1314 609 FRATRI

162 641 210 695 ΕΤ
230 640 511 696 CONSACERDOTI
532 640 665 697 ALYPIO
687 642 730 695 ΕΤ
755 640 820 707 QVI
842 642 963 698 ducunt
992 642 1085 697 SUNT
1109 642 1313 698 FRATRIBUS

162 729 396 787 AUGUSTINUS
433 730 478 784 ΕΤ
516 728 578 795 QVI
611 729 740 785 MECUM
773 730 866 785 SUNT
900 731 1061 785 FRATRES
1094 728 1134 785 IN
1166 731 1312 787 DOMINO

128 825 141 861 ⁵
651 819 827 874 SALUTEM.

61 938 80 1001 l
209 945 365 1011 Dolemus
384 946 510 1028 quidem
532 946 671 1027 grauiter·
685 964 741 1009 uec
756 944 825 1010 fieri
840 949 957 1029 potest,
972 948 1010 1009 ut
1022 946 1113 1029 parui
1127 945 1313 1028 pendamus,

162 1053 250 1135 quod
277 1052 309 1115 in
338 1053 469 1116 iniurius
498 1052 677 1115 sanctitatis
704 1055 779 1116 tuoe
809 1051 948 1135 populus
970 1052 1198 1134 Hipponiensis
1226 1057 1314 1117 tauta

162 1160 331 1233 clamauit;
357 1159 411 1224 sed
435 1160 537 1223 multo
562 1159 693 1241 grauius
719 1158 888 1223 dolendum
917 1160 976 1237 est,
1001 1160 1097 1223 frater
1122 1161 1214 1237 boue,
1237 1160 1314 1223 talia

163 1268 202 1330 de
241 1266 332 1331 nobis
370 1265 542 1331 existimari
581 1285 675 1347 quam
712 1266 768 1329 illa
801 1266 939 1330 clamari.
973 1266 1097 1348 quando
1135 1266 1219 1331 enim
1255 1284 1313 1329 nos

115 1394 140 1430 ιο
163 1373 323 1437 credimur
346 1373 520 1455 oupiditato
548 1372 710 1455 pecuniae,
740 1390 800 1435 nou
830 1371 999 1436 dilectione
1027 1371 1170 1436 iustitiae
1203 1391 1312 1437 seruos

163 1480 215 1545 dei
239 1481 323 1545 uelle
346 1481 489 1553 retinere.
514 1499 615 1543 nonne
644 1479 818 1562 optandum
846 1483 905 1557 est,
930 1483 976 1557 ut,
1001 1480 1055 1561 qui
1083 1480 1143 1544 hoo
1172 1479 1312 1554 credunt,

163 1588 327 1652 occultum
360 1586 464 1651 cordis
497 1588 547 1650 sui
581 1605 659 1651 uoco
691 1589 850 1651 testentur
882 1605 919 1650 oo
951 1586 998 1651 sic
1030 1587 1147 1668 eliqua,
1181 1587 1208 1650 si
1245 1585 1311 1650 fieri

162 1698 280 1776 potest,
317 1697 405 1758 tanto
443 1694 561 1759 maiora
595 1692 733 1757 remedie
769 1693 978 1773 requirentur,
1016 1712 1112 1775 quem
1150 1697 1186 1756 ut
1222 1693 1312 1757 taciti

161 1805 293 1883 pereant
316 1800 501 1881 pernitiosis
531 1800 765 1882 suspicionibus
795 1801 962 1864 uenerati?
991 1804 1183 1883 quapropter
1208 1800 1311 1883 magis

115 1926 140 1964 1⁵
163 1907 373 1991 satagendum
408 1914 467 1983 est,
501 1906 592 1977 unde,
626 1906 723 1970 etium
756 1906 940 1987 priusquam
980 1908 1040 1971 hoo
1077 1906 1173 1982 fieret,
1211 1906 1312 1971 locuti

161 2034 287 2089 sumus,
321 2032 381 2095 quo
414 2013 507 2077 niodo
541 2013 767 2095 persuadentur
799 2013 993 2086 hominibus,
1028 2013 1143 2095 quibus
1176 2032 1235 2077 nos
1272 2014 1311 2076 ad

162 2118 341 2201 exemplum
377 2118 533 2183 bonorum
574 2134 703 2199 operum
746 2118 895 2199 praebere
933 2118 1155 2201 praecipimur,
1194 2119 1310 2182 falsum

162 2246 244 2303 esse,
274 2225 358 2307 quod
391 2226 603 2308 suspicantur,
632 2244 725 2307 quam
751 2244 813 2307 quo
846 2225 940 2289 modo
974 2225 1126 2309 urguendi
1154 2225 1227 2303 sint,
1257 2226 1311 2307 qui

161 2333 361 2415 suspiciones
385 2352 459 2398 sues
483 2333 618 2397 uocibus
643 2333 812 2413 uerbisque
836 2332 1005 2396 declarant.

62 2434 84 2495 2
111 2462 142 2501 ro
206 2438 341 2504 Proinde
366 2458 423 2523 ego
448 2444 574 2503 sunctae
598 2439 732 2502 Albinae
756 2458 818 2502 non
843 2458 1012 2503 suscenseo
1037 2459 1094 2503 nec
1118 2439 1309 2522 arguendum

159 2545 268 2610 iudico
288 2546 344 2611 sed
364 2566 382 2609 n
399 2546 458 2609 tuli
477 2545 656 2627 suspicione
676 2545 857 2610 sanandam.
883 2546 1055 2628 quosquis
1075 2566 1135 2609 non
1155 2546 1188 2609 in
1207 2566 1309 2609 meam

159 2672 328 2735 personam
345 2653 454 2718 eodem
473 2653 571 2717 uerbo
590 2652 711 2729 direxit,
732 2652 788 2715 sed
807 2655 969 2733 tamquam
986 2652 1023 2715 de
1038 2652 1310 2735 Hipponiensibus

161 2762 276 2839 questa
298 2764 357 2834 est,
386 2760 471 2841 quod
495 2759 673 2840 aperuerint
701 2757 907 2838 cupiditatem
941 2777 1041 2837 suam,
1069 2778 1103 2823 se
1132 2776 1192 2822 non
1221 2759 1309 2822 cleri-

160 2870 251 2929 catus
277 2865 332 2929 sed
355 2865 507 2948 pecuniae
532 2884 627 2929 causa
651 2866 811 2929 hominem
831 2865 965 2929 diuitem
985 2869 1079 2946 etque
1103 2865 1199 2928 huius
1223 2865 1309 2929 modi

108 2994 138 3035 ss
158 2972 312 3053 pecuniae
336 2976 586 3054 contemptorem
606 2974 637 3036 et
655 2971 838 3055 largitorem
858 2971 942 3055 opud
966 2992 1000 3036 se
1024 2976 1129 3036 tenere
1153 2970 1308 3047 uoluisse,

158 3084 276 3153 temen,
297 3078 430 3161 quidde
449 3079 539 3144 nobis
560 3080 704 3157 senserit,
727 3098 826 3160 poene
846 3080 997 3143 clamauit
1016 3098 1073 3143 neo
1091 3081 1161 3161 ipsa
1185 3082 1309 3143 tanturn

253 3270 284 3321 17
305 3267 358 3321 Tit.
378 3270 403 3327 2.
425 3270 440 3322 7

250 3392 326 3445 Idem
347 3393 459 3461 codices,
478 3394 525 3461 qui
541 3395 575 3447 in
594 3412 633 3462 ep.
657 3394 794 3447 CXXIV.

194 3497 310 3551 2scT
397 3500 614 3553 dsuntom.T
697 3500 924 3556 indominoom.
949 3499 1005 3554 VU
1091 3500 1169 3567 dut]
1190 3497 1262 3567 quod
1285 3498 1308 3550 L'

158 3588 223 3639 ‘lin
241 3603 293 3640 om.
319 3586 371 3641 Vc
451 3590 601 3651 sanctitati,
620 3606 653 3645 m.
674 3594 688 3641 1
708 3605 776 3644 corr.
797 3589 950 3642 sanctitutis
974 3589 1000 3642 V
1077 3590 1233 3658 ipponensis
1257 3586 1311 3639 Vo'

158 3675 344 3745 Hipponensis
363 3676 422 3730 edd.
495 3680 580 3739 tenta,
601 3695 634 3732 m.
655 3682 670 3730 1
688 3693 756 3732 corr.
776 3682 869 3731 tontes
892 3678 916 3730 V
977 3678 993 3731 8
1013 3677 1152 3746 clamauit]
1173 3675 1190 3729 d
1209 3676 1308 3729 clarue-

157 3766 201 3818 uit
220 3763 250 3829 (d
268 3766 340 3831 exp.)
363 3762 390 3817 U
456 3765 488 3819 10
506 3764 640 3833 iustitiae]
662 3764 694 3817 de
714 3765 837 3819 iustitiae
857 3764 993 3834 (decep.)
1016 3764 1043 3818 U
1110 3766 1142 3817 12
1161 3780 1227 3816 uoce
1247 3780 1307 3829 one,

156 3870 193 3906 m.
214 3852 283 3905 2in
300 3869 385 3923 many.
406 3852 471 3906 odd.
496 3852 523 3905 U
574 3853 597 3905 si
621 3853 647 3907 U
701 3855 733 3907 14
753 3852 924 3907 ueneroriU
974 3854 1006 3907 16
1027 3870 1079 3922 quo
1098 3852 1187 3921 modo]
1209 3851 1310 3919 quoU

157 3942 194 3995 20
214 3941 391 4011 arguendum,
410 3960 444 3997 m.
463 3947 478 3995 1
497 3960 566 3997 corr.
586 3943 750 4012 arguendum
776 3942 802 3996 U
863 3944 897 3996 22
916 3942 1110 4012 ipponensibus
1134 3940 1187 3995 Vc
1204 3941 1307 4010 Hippo-

156 4030 289 4085 ueusibus
307 4030 367 4085 edd.
455 4032 489 4086 23
509 4033 662 4101 aperuerint
683 4036 709 4099 (a
727 4034 758 4084 io
777 4048 834 4084 ras.
852 4049 888 4085 m.
907 4035 932 4098 1)
950 4031 978 4085 R
1069 4031 1104 4085 26
1123 4028 1196 4097 quod
1214 4029 1308 4096 slrm

195 4118 302 4189 ipseT

1242 4223 1271 4273 l*
