3092 4959
281 365 347 430 292
638 363 666 418 S,
694 363 833 417 Aureli
861 363 1080 433 Augustini

280 558 480 623 caritatem
506 558 663 634 Christi,
694 557 779 623 uidit
802 563 835 622 et
858 557 1033 637 Christum,
1057 558 1141 623 uidit
1163 561 1195 626 et
1219 561 1350 642 patrem.
1373 575 1426 620 nos

280 666 364 729 enim
400 666 463 732 iam
502 667 678 731 secundum
716 685 842 731 carnem
880 685 947 731 non
978 667 1127 732 nouimus
1170 665 1332 732 Christum
1374 663 1425 728 sed

280 771 454 836 secundum
483 772 642 855 spiritum.
676 773 837 855 spiritus
868 774 951 838 enim
980 777 1065 838 ante
1098 773 1232 838 faciem
1265 773 1424 834 nostrum

280 875 459 942 Christus
484 877 671 955 dominus,
695 880 750 963 qui
769 898 826 944 nos
850 879 886 943 in
907 898 1049 944 omnem
1069 876 1346 961 plenitudinem
1370 875 1423 938 dei

278 983 496 1049 misericordia
523 1004 583 1048 sua
609 985 743 1068 implere
772 985 930 1070 dignetur,
959 990 997 1050 ut
1023 984 1127 1049 uideri
1149 983 1254 1067 possit
1276 1002 1295 1046 a
1318 982 1456 1047 nobisne

144 1089 206 1155 VII
222 1091 262 1154 19
325 1089 359 1156 Si
388 1091 467 1157 haec
494 1092 592 1156 uerba
617 1093 791 1177 intellegis,
820 1093 898 1175 quid
924 1095 1033 1166 restat,
1064 1091 1150 1173 quod
1172 1111 1191 1156 a
1213 1110 1264 1156 me
1292 1090 1423 1172 emplius

278 1200 466 1282 requiratur,
496 1219 569 1264 cum
592 1201 656 1265 iam
680 1200 746 1275 illa,
778 1219 858 1284 quae
882 1199 1022 1265 difficilis
1045 1199 1224 1274 uidebatur,
1254 1200 1362 1264 soluta
1388 1197 1423 1262 sit

279 1306 446 1389 quaestio?
469 1307 643 1373 discretum
667 1312 718 1373 est
741 1308 868 1391 qnippe,
889 1327 951 1390 quo
971 1306 1065 1372 modo
1086 1305 1206 1371 dictum
1231 1305 1289 1370 sit:
1314 1305 1421 1368 Deum

278 1432 381 1477 nemo
419 1414 520 1480 uidit
556 1433 740 1497 umquam,
780 1419 812 1479 et
846 1432 907 1497 quo
941 1414 1034 1478 modo
1069 1413 1165 1478 deum
1196 1411 1275 1477 iusti
1309 1410 1421 1493 antiqui

277 1519 426 1596 uiderint,
451 1521 480 1585 si
502 1520 585 1585 illud
608 1525 775 1605 propterea
799 1521 920 1586 dictum
949 1523 1008 1597 est,
1040 1519 1189 1602 quoniam
1216 1517 1296 1582 deus
1320 1521 1421 1583 netum
1436 1531 1455 1571 1⁰

278 1628 328 1690 est
360 1626 545 1703 inuisibilis,
582 1627 631 1692 illi
664 1631 771 1692 autem
804 1626 876 1692 ideo
909 1627 1067 1702 uiderunt,
1106 1626 1300 1708 quicumque
1337 1624 1420 1688 deum

277 1731 435 1801 uiderunt.
460 1734 545 1816 quia,
571 1735 623 1799 cui
646 1735 796 1810 uoluerit,
821 1734 906 1798 sicut
929 1732 1078 1807 uoluerit,
1103 1735 1234 1815 apparet
1258 1749 1295 1794 ea
1314 1729 1419 1813 specie.

278 1857 372 1921 quam
396 1840 545 1904 uoluntas
570 1841 712 1924 elegerit,
737 1841 833 1905 etiarn
858 1841 977 1904 latente
1006 1843 1128 1903 natura.
1158 1856 1232 1902 num
1261 1837 1301 1910 si,
1326 1839 1419 1920 patres

277 1947 401 2027 quaudo
422 1947 516 2011 deum
535 1947 695 2026 uiderunt,
715 1948 786 2030 ipsa
799 1947 865 2012 iliis
880 1949 993 2011 natura
1009 1945 1077 2010 eius
1095 1944 1251 2027 apparuit,
1272 1941 1419 2025 quamuis.

276 2051 305 2116 si
328 2053 493 2131 noluisset,
516 2054 628 2135 utique
656 2073 717 2119 uon
747 2054 958 2136 apperuisset,
983 2070 1044 2133 quo
1069 2051 1164 2116 modo
1193 2049 1302 2114 deum
1325 2065 1418 2114 nemo
1436 2065 1454 2102 e

275 2158 376 2224 uidit
408 2179 592 2242 umquem,
626 2179 699 2225 cum
729 2179 765 2226 eo
798 2161 926 2226 uolente
958 2160 1029 2241 ipsa
1061 2160 1131 2223 eius
1160 2177 1177 2249 a
1205 2160 1255 2223 tot
1287 2155 1418 2240 patribus

276 2270 389 2330 natura
412 2271 584 2349 conspecte
607 2268 671 2332 sit?
705 2267 790 2350 quod
815 2267 842 2332 si
867 2265 985 2331 dicitur
1007 2265 1093 2329 filius
1118 2284 1136 2329 a
1159 2265 1304 2348 patribus
1327 2263 1416 2326 uisus.

276 2376 313 2436 ut
335 2372 374 2436 de
400 2372 458 2438 deo
482 2378 572 2457 patre
597 2373 718 2439 dictum
742 2373 927 2456 accipiatur,
953 2372 1039 2454 quod
1062 2390 1135 2436 euru
1160 2390 1253 2436 nemo
1278 2385 1416 2451 umquam

276 2477 402 2558 uiderit,
437 2499 497 2544 non
527 2481 655 2565 quidem
689 2480 798 2545 amisit
831 2481 1029 2546 occasionem
1058 2477 1259 2556 Ambrosius,
1288 2480 1326 2540 ut
1353 2473 1416 2538 hiuc

275 2585 431 2666 quosdam
454 2587 630 2653 haereticos
653 2589 867 2672 redargueret,
890 2587 923 2651 id
952 2589 1003 2651 est
1025 2583 1244 2660 Photinianos‚
1269 2581 1322 2666 qui
1343 2577 1415 2663 prin·
1431 2591 1452 2632 a

275 2691 394 2773 cipium
419 2693 485 2758 tilio
509 2694 560 2760 dei
584 2713 620 2757 er
644 2699 732 2759 utero
757 2693 893 2777 uirginis
913 2693 1060 2756 tribuunt
1078 2708 1134 2755 nec
1153 2689 1270 2754 uolunt
1292 2685 1415 2760 credere,

275 2798 360 2879 quod
388 2802 421 2864 et
444 2804 537 2864 antea
563 2801 668 2865 fuerit.
697 2800 754 2865 sed
778 2801 853 2883 quia
880 2798 1011 2864 uidebat
1035 2797 1126 2874 alios,
1150 2795 1183 2860 id
1207 2798 1259 2860 est
1280 2792 1414 2860 Arrianos

365 3059 558 3128 110h.14,9
634 3061 660 3114 11
680 3061 739 3116 Cor.
759 3063 784 3126 5,
806 3063 839 3115 16
895 3057 1135 3120 sturemare
1188 3055 1294 3126 4pr.
1313 3055 1337 3121 3,
1356 3051 1384 3105 19

311 3185 470 3240 luidetP
540 3185 663 3240 uidetP
697 3185 850 3239 clamitem
872 3183 1051 3252 {fuisseuid
1073 3184 1189 3237 niteam
1208 3179 1320 3248 iam)0
1354 3191 1412 3256 'non

1186 3254 1193 3286 i
1353 3259 1358 3281 r

274 3317 326 3355 om.
345 3303 372 3355 Δ
446 3301 611 3370 5diguetur
628 3319 688 3365 om„
707 3302 739 3354 in
756 3317 844 3370 marp.
863 3319 897 3356 m.
919 3304 938 3354 2
957 3300 1023 3354 add.
1043 3300 1071 3353 P
1141 3297 1236 3366 6qb;,
1255 3287 1412 3362 m.2qu

274 3391 705 3460 ieitom.,m.1aut3cdd.
727 3391 753 3443 L
834 3385 1230 3460 dquoom..m.2udd.L
1319 3383 1411 3444 tritri

274 3481 357 3548 eras.)
374 3479 412 3532 M
429 3484 471 3533 est
491 3478 609 3533 TT¹OL
701 3480 734 3532 10
753 3480 881 3534 uiderunt
898 3478 935 3532 M
1019 3478 1053 3546 si]
1075 3476 1123 3530 sed
1142 3475 1167 3529 L
1186 3475 1247 3529 aaa.
1263 3475 1368 3544 practer
1384 3467 1413 3520 lr

309 3567 358 3621 illa
377 3569 413 3621 Μ
467 3568 497 3622 ll
521 3573 562 3621 est
581 3585 641 3637 om„
659 3586 695 3622 m.
715 3573 730 3621 1
749 3573 799 3622 aut
819 3572 836 3622 3
857 3567 922 3621 add.
942 3567 968 3620 L
991 3565 1139 3620 inuisibilis
1158 3568 1201 3617 est
1219 3563 1281 3618 edd.
1348 3555 1410 3622 ideo]

277 3657 325 3716 !eo
344 3656 371 3710 P
457 3659 620 3726 quicumque
641 3655 720 3709 deum
737 3653 868 3709 uiderunt
886 3671 937 3708 om.
957 3653 992 3706 H
1057 3653 1090 3706 12
1109 3653 1142 3706 in
1159 3666 1227 3704 uoce
1245 3650 1308 3719 quia
1326 3643 1413 3702 decimi

275 3745 333 3799 cod.
357 3743 392 3799 Τ1
482 3746 601 3799 noluerit
618 3744 650 3798 F
737 3745 827 3809 sicuti,
846 3761 881 3796 m.
900 3747 916 3796 1
935 3747 986 3796 out
1005 3746 1023 3795 3
1042 3757 1112 3796 corr.
1131 3741 1202 3794 sicui
1220 3738 1247 3792 L
1267 3741 1296 3792 et
1312 3729 1413 3791 siculo

311 3851 411 3904 appare
430 3834 465 3887 H
481 3850 610 3905 apparere
628 3834 660 3888 F
675 3837 718 3900 (m.
740 3837 760 3886 2
779 3835 903 3902 apparet)
924 3832 951 3884 Δ
1051 3830 1085 3884 13
1105 3845 1159 3900 qua
1175 3827 1214 3882 M
1318 3819 1410 3893 quaudo

274 3931 366 3992 patres
384 3922 445 3980 edd.
460 3929 574 3991 praeter
592 3941 611 3976 u
666 3922 700 3975 14
719 3921 840 3975 uiderint
858 3919 973 3975 HFAP
990 3921 1034 3988 (m.
1055 3923 1075 3973 2
1092 3917 1232 3982 uiderunt)
1253 3933 1271 3970 a
1340 3925 1411 3981 apps-

274 4014 359 4068 rucrit
376 4013 404 4067 L
464 4015 753 4082 quamuis-umquam
773 4027 834 4074 om„
855 4028 880 4064 a.
900 4027 935 4064 cia.
948 4013 1011 4079 sere
1031 4009 1144 4077 aequali
1162 4007 1227 4061 add.
1252 4005 1275 4061 O
1330 4013 1410 4072 quam·

274 4103 326 4173 uis]
346 4119 428 4171 quam
450 4100 502 4155 ΤΒ
557 4102 590 4155 18
609 4099 727 4170 putriO
799 4099 949 4167 accipiatur
969 4099 1071 4152 dictum
1090 4097 1152 4150 edd.
1224 4094 1351 4165 accipitur
1369 4083 1411 4142 TO

308 4207 388 4245 nemo
409 4207 469 4244 eum
489 4189 515 4243 L
589 4191 661 4260 eum]
682 4191 754 4241 enim
773 4188 801 4240 A
869 4188 905 4240 20
923 4187 951 4240 id
971 4189 1024 4255 ese]
1044 4186 1089 4240 ide
1108 4185 1134 4238 L
1206 4184 1331 4244 fotianos.
1348 4175 1410 4233 Η

274 4279 423 4334 fotinianos
446 4277 469 4332 0
523 4278 557 4331 22
578 4283 641 4333 ante
664 4277 741 4333 TOL
813 4274 842 4329 id
861 4277 914 4344 est]
933 4274 978 4328 ide
997 4275 1023 4328 L
