3092 4959
515 397 781 466 epistularum
810 396 954 454 cxtvrrl:
1248 403 1313 466 333

78 585 102 646 2
205 591 353 657 Ceterum
373 591 453 656 nihil
470 591 535 656 tels
554 591 593 656 de
612 591 670 657 deo
690 592 831 658 sentiens
851 592 908 659 sed
927 611 1000 658 eum
1018 593 1313 660 incommutabilem

157 703 193 762 et
210 698 439 781 incorporalem
463 697 612 779 spiritum
636 697 756 781 ubique
779 701 883 764 totum
905 718 975 764 esse
995 699 1125 766 credens
1145 700 1173 766 si
1192 703 1312 766 tantam

156 805 329 887 quisquam
356 805 567 870 mutationem
595 805 692 870 huius
716 806 857 888 corporis
881 805 1020 871 futuram
1049 809 1151 890 putat,
1180 825 1253 872 cum
1278 827 1314 872 er

154 911 287 976 animali
318 911 417 976 fuerit
448 911 602 993 spiritale,
638 915 678 976 nt
708 912 805 977 etiam
840 912 1052 978 substantiam
1083 911 1314 996 incorporalem

118 1037 222 1083 enon
257 1019 401 1084 locorum
436 1018 617 1085 interuallis
653 1019 707 1084 uel
743 1019 857 1102 spatiis
895 1019 1093 1084 diuisibilem
1126 1021 1179 1086 uel
1216 1021 1312 1086 etism

154 1125 373 1190 membrorum
409 1123 607 1191 liniamentis
639 1144 676 1190 ec
707 1125 825 1190 finibus
861 1124 1062 1191 terminatam
1101 1125 1158 1191 sed
1195 1127 1313 1210 ubique

154 1235 260 1295 totam
282 1249 340 1314 per
361 1231 427 1298 tale
455 1249 570 1316 corpus
597 1231 707 1296 uidere
735 1231 910 1315 possimus,
939 1231 1025 1308 uolo,
1054 1235 1160 1297 etms
1189 1233 1313 1308 doceat,

155 1338 186 1402 si
209 1357 322 1404 uerum
345 1337 445 1420 sspit;
474 1339 502 1402 si
526 1342 633 1403 eutem
656 1339 688 1403 in
712 1338 774 1404 hoc
802 1338 921 1403 falsum
945 1338 1052 1416 sentit,
1080 1339 1175 1424 louge
1198 1341 1313 1406 toleru-

153 1445 256 1510 bilins
279 1449 330 1510 eet
352 1445 477 1529 corpori
499 1445 618 1528 aliquid
648 1446 799 1530 adrogare
823 1465 918 1528 quam
950 1445 1008 1510 deo
1038 1445 1200 1528 derogare.
1230 1449 1262 1511 et
1285 1448 1313 1512 si

101 1577 133 1618 ιο
152 1569 235 1615 uera
257 1554 307 1616 est
328 1551 393 1616 ista
421 1553 587 1630 sententia,
614 1571 677 1616 non
705 1553 766 1617 erit
793 1553 949 1618 contraria
976 1553 1083 1617 uerbis
1112 1553 1204 1630 meis,
1232 1573 1312 1636 quae

151 1658 188 1721 in
212 1658 269 1721 ills
290 1659 431 1742 epistula
453 1659 557 1741 posui.
585 1658 681 1724 istius
704 1677 841 1742 namque
866 1660 1006 1742 corporis
1031 1659 1141 1724 oculos
1165 1659 1228 1724 diri
1252 1681 1313 1726 non

152 1764 286 1829 uisuros
309 1765 405 1830 deum
427 1765 488 1830 hoc
509 1766 649 1843 intuens,
674 1764 759 1847 quod
782 1765 877 1830 istius
902 1764 1042 1847 corporis
1072 1765 1157 1830 oculi
1185 1767 1312 1831 omnino

153 1889 219 1934 non
250 1879 386 1954 possunt
417 1890 543 1937 cernere
575 1871 638 1936 nisi
671 1890 813 1955 corpora,
846 1891 926 1953 quae
960 1871 997 1935 ab
1032 1871 1078 1936 eis
1112 1871 1217 1955 aliquo
1249 1872 1312 1937 loei

150 1975 325 2042 interuallo
350 1981 496 2060 separata
518 1982 608 2053 sunt;
638 1997 710 2043 nem
735 1977 764 2043 si
786 1977 911 2042 nullum
939 1977 1145 2044 interuallum
1173 1979 1226 2058 sit,
1256 1997 1311 2044 nee

102 2104 132 2145 ιι
150 2083 227 2166 ipsa
248 2101 381 2165 corpore
402 2103 460 2167 per
482 2101 536 2149 eos
560 2083 720 2149 uidemus.

78 2187 103 2249 3
201 2189 300 2256 Porro
336 2193 457 2268 autem,
494 2191 522 2254 si
556 2189 588 2254 in
624 2193 747 2254 tantam
785 2189 836 2255 sui
873 2189 1169 2256 dissimilitudinem
1205 2195 1313 2256 nostra

155 2313 290 2378 corpora
312 2297 531 2373 mutabuntur,
555 2301 593 2362 ut
612 2298 723 2362 oculos
742 2296 891 2374 habeant,
914 2315 970 2379 per
989 2315 1070 2380 quos
1093 2297 1239 2363 uideatur
1257 2296 1312 2362 illa

154 2403 347 2482 substantia
376 2421 457 2486 quae
484 2423 545 2469 non
574 2422 630 2486 per
654 2404 801 2469 locorum
830 2403 935 2487 spatia
963 2403 1017 2468 uel
1044 2403 1231 2469 diffunditur
1259 2405 1309 2468 uel

153 2508 267 2574 finitur
288 2509 366 2574 alibi
386 2510 506 2575 hebens
534 2510 628 2574 aliam
651 2513 776 2594 purtem
801 2510 876 2574 alibi
905 2509 1011 2588 aliam,
1040 2510 1071 2574 in
1097 2511 1216 2576 minore
1240 2513 1310 2577 loco

101 2639 134 2680 eo
153 2616 311 2681 minorem
338 2616 371 2680 in
400 2615 520 2681 maiore
547 2617 711 2695 maiorem,
744 2616 800 2681 sed
830 2616 948 2698 ubique
976 2616 1216 2698 incorporaliter
1243 2622 1311 2683 tota

154 2726 217 2801 est,
249 2723 344 2807 longe
372 2722 460 2788 aliud
487 2727 579 2787 amnt
605 2724 684 2788 haee
716 2741 849 2806 corpora
876 2725 908 2787 st
935 2740 998 2787 non
1026 2726 1119 2788 erunt
1149 2723 1221 2805 ipss
1253 2743 1311 2790 neo

153 2831 226 2895 sola
249 2829 392 2894 damaeta
414 2829 610 2896 mortalitate
634 2834 728 2912 atque
752 2829 955 2912 corruptione
980 2833 1011 2894 st
1034 2828 1183 2912 ponderis
1207 2831 1310 2914 gruni-

151 2939 222 3001 tato
245 2936 333 3001 aliud
357 2941 460 3012 erunt,
484 2936 590 3001 sedin
612 2937 767 3001 uirtutem
791 2937 895 3019 ipsius
918 2936 1034 3000 mentis
1059 2936 1195 3018 quodem
1215 2938 1309 3004 modo

153 3046 389 3121 conuertuntur,
417 3043 446 3107 si
469 3043 578 3107 uidere
600 3046 760 3126 poterunt,
790 3061 851 3124 quo
877 3042 970 3107 modo
994 3046 1071 3108 tunc
1099 3044 1198 3108 menti
1226 3063 1310 3108 nunc

102 3153 264 3214 ruentem
286 3168 345 3214 uec
367 3150 430 3233 ipsi
453 3150 553 3214 menti
578 3149 686 3214 uidere
709 3167 897 3214 conoessum
923 3151 981 3216 est.
1016 3149 1043 3214 si
1068 3151 1149 3214 enim
1174 3151 1307 3214 mutatis

149 3255 296 3321 moribus
311 3254 448 3322 dicimus
462 3256 624 3321 hominem
639 3275 700 3320 non
716 3274 798 3332 esse,
818 3255 873 3338 qui
887 3255 958 3332 luit,
979 3255 1006 3320 si
1026 3255 1160 3337 deniqne
1175 3258 1307 3320 mutetis

151 3362 314 3428 aetatibus
341 3363 450 3446 ipsum
478 3381 592 3444 corpus
621 3361 758 3426 dicimus
782 3381 843 3426 non
869 3381 949 3432 esse,
979 3362 1064 3446 qnod
1089 3363 1160 3438 fuit,
1191 3367 1307 3445 quanto

150 3469 259 3553 magis
289 3469 398 3552 ipsum
431 3489 493 3534 non
525 3469 584 3534 erit
615 3473 704 3535 tanta
736 3471 943 3534 conuersioue
977 3473 1148 3546 mutatum,
1181 3475 1218 3534 ut
1245 3489 1307 3535 uon

150 3578 259 3642 solum
290 3577 502 3641 inmortalitas
537 3577 638 3658 uiuat,
676 3595 788 3640 uerum
825 3577 920 3640 etiem
953 3577 1150 3642 inuisibilem
1184 3576 1306 3642 uideat!

244 3749 293 3804 31
313 3747 372 3804 Cor.
395 3752 437 3816 15,
455 3753 490 3804 44

186 3855 352 3918 dauimale,
370 3872 404 3910 m.
423 3859 439 3908 1
457 3871 527 3911 corr.
550 3856 659 3909 animali
678 3853 716 3908 P¹
780 3903 783 3908 .
824 3853 942 3923 speciale
967 3853 992 3904 V
1081 3853 1309 3909 tetom.P1V

150 3945 241 4014 utlet
259 3943 334 3997 Put
355 3944 381 3997 Τ
397 3961 424 3998 m
487 3944 620 3999 Sialsam
638 3943 668 3998 F
729 3943 899 4012 9eorporeli
917 3943 1000 3997 FAR
1019 3942 1190 3996 substantiae
1211 3952 1304 4013 corpo-

149 4033 202 4087 rali
222 4032 249 4086 P
302 4032 417 4101 deolde
436 4032 487 4087 deo
507 4033 534 4088 R
572 4034 602 4088 ll
625 4032 743 4087 dixitF
779 4033 812 4087 16
832 4031 1076 4086 dissimulationem
1098 4033 1124 4085 A
1162 4032 1194 4086 17
1209 4033 1259 4086 hit
1283 4033 1308 4084 V

139 4120 587 4176 '18deiundituereianditur
605 4123 632 4175 A
688 4123 721 4176 19
740 4123 838 4176 minori
857 4123 884 4175 A
939 4121 973 4174 20
992 4123 1088 4176 maiori
1107 4123 1134 4175 A
1192 4122 1227 4174 22
1247 4139 1304 4176 cor·

149 4211 279 4280 ruptione
298 4213 345 4277 (ω
364 4213 445 4278 eros.)
465 4211 492 4263 A
510 4211 695 4280 corruptibilis
713 4211 741 4264 P
850 4213 878 4264 et
896 4226 947 4267 om.
967 4210 1050 4264 sill>
1151 4211 1186 4264 23
1206 4211 1257 4264 erit
1281 4210 1306 4260 V

186 4300 292 4352 uirtute
306 4298 335 4352 P
368 4298 404 4352 24
422 4302 553 4368 poterunt
572 4304 598 4364 (a
617 4300 649 4353 in
665 4317 723 4354 rue.
741 4316 776 4351 m.
793 4302 816 4363 1>
831 4297 861 4350 F
873 4303 1017 4367 potuerunt
1036 4299 1139 4368 (scisse
1156 4299 1215 4354 uid.
1235 4301 1263 4365 ιι)
1281 4297 1306 4351 Τ
