3092 4959
253 359 318 422 650
514 394 517 401 -
608 356 635 411 S.
664 355 802 409 Aureli
831 356 1048 425 Augustini

251 569 334 613 unns
355 549 443 628 deus
471 549 560 614 solus
589 551 649 627 est,
678 550 731 613 oui
758 549 851 613 latria
880 550 1053 614 exhibenda
1081 553 1141 623 est,
1171 554 1203 614 et
1232 570 1314 615 unus
1336 551 1398 615 sine

252 655 349 721 dnbio
374 657 453 721 deus
477 660 528 721 est
546 659 636 738 pater
659 662 692 719 et
714 656 801 721 filius
826 660 858 720 et
881 656 1014 739 spiritus
1038 662 1180 721 sanctus
1205 662 1239 721 et
1261 657 1320 721 hoo
1343 665 1399 723 est.

251 763 336 845 quod
350 764 410 829 ait:
427 762 658 829 Glorilioate
674 767 711 827 et
728 767 882 845 portate
902 763 1010 828 deum
1029 764 1065 827 in
1087 782 1246 847 torpore
1264 774 1399 829 uestro.

252 868 378 951 dequo
411 869 544 933 dixerat:
579 868 745 952 Corpora
778 874 910 935 uestra
932 871 1117 953 templum
1146 871 1182 935 in
1212 871 1322 935 anobis
1346 880 1400 935 est

253 976 415 1056 spiritus
439 976 572 1055 saneti,
597 995 705 1057 quem
729 977 882 1041 habetis
907 996 924 1039 a
948 976 1026 1042 deo.

174 1066 178 1071 ’
296 1082 385 1147 Haeo
413 1086 450 1146 nt
481 1084 572 1166 potui
605 1083 867 1147 festinantissime
902 1083 1020 1148 dietate
1053 1082 1163 1163 malui,
1197 1102 1292 1164 qnam
1324 1082 1402 1147 desi-

252 1189 375 1253 derium
399 1189 543 1255 caritatis
567 1193 694 1253 uestrae
718 1190 826 1272 aliqua
850 1190 1052 1255 excusatione
1076 1189 1213 1253 differre.
1242 1190 1269 1253 si
1295 1209 1401 1272 parurn

253 1296 312 1361 hoo
336 1296 470 1376 putatis,
495 1299 622 1361 seruate
640 1316 699 1361 uos
724 1297 763 1360 ad
787 1297 939 1380 legendos
963 1296 1003 1361 de
1025 1296 1169 1361 trinitate
1192 1296 1303 1373 libros,
1327 1314 1402 1377 quos

250 1403 284 1465 in
315 1402 443 1467 nomine
474 1402 594 1468 domini
626 1404 719 1468 edere
745 1404 874 1485 iamque
908 1403 1052 1485 dispono,
1085 1421 1122 1466 ne
1150 1403 1234 1467 iorte
1263 1402 1311 1467 illi
1337 1422 1402 1485 per·

252 1508 417 1585 suadeant,
441 1510 525 1591 quod
549 1513 655 1574 tamen
679 1510 786 1574 breuis
811 1509 950 1590 epistula
972 1528 1034 1574 non
1057 1514 1176 1592 potest.
1422 1532 1442 1570 a

741 1702 913 1768 CLXXIV.

252 1821 398 1877 DOMINO
413 1822 630 1879 utilissimo
646 1824 693 1878 ΕΤ
708 1824 965 1881 SINOERISSIMA
980 1824 1160 1881 caerulus
1179 1820 1403 1879 venusinae

254 1911 394 1966 SANCTO
420 1912 552 1967 FRATRI
574 1913 620 1966 ΕΤ
647 1912 931 1969 CONSAOERDOTI
959 1913 1078 1969 PAPAE
1106 1912 1268 1969 adustio
1296 1911 1404 1967 utut-

554 2002 683 2057 STINUS
702 2002 743 2055 ΙΝ
761 2002 908 2060 DOMINO
929 2003 1104 2059 SALUTEM.

298 2112 346 2175 De
364 2112 518 2188 trinitate,
543 2132 623 2194 qnae
642 2112 722 2175 deus
742 2130 888 2177 summus
908 2116 941 2177 et
959 2130 1053 2177 uerus
1072 2118 1134 2191 est,
1156 2111 1258 2176 libros
1281 2111 1405 2175 iuuenis
1422 2144 1442 2183 n

252 2218 412 2295 inchoari,
437 2238 531 2283 senex
550 2218 646 2283 edidi.
671 2219 839 2283 omiseram
860 2220 978 2303 quippe
998 2219 1058 2283 hoe
1082 2237 1174 2303 opus,
1199 2222 1403 2301 posteaquam

256 2324 396 2407 comperi
424 2329 607 2409 praereptos
635 2324 716 2390 mihi
744 2344 816 2390 esse
845 2326 914 2389 siue
943 2326 1123 2408 subreptos,
1152 2329 1325 2409 antequam
1352 2344 1405 2388 eos

256 2430 455 2494 absoluerem
475 2435 507 2495 et
525 2434 725 2508 retractatos,
750 2438 788 2497 ut
807 2450 876 2495 mea
896 2432 1064 2515 dispositio
1087 2432 1203 2511 fuerat,
1227 2431 1405 2515 expolirem.

254 2536 419 2601 nonenim
439 2537 626 2621 singillatim
647 2538 702 2602 sed
727 2558 837 2603 omnes
862 2540 960 2604 simul
983 2539 1077 2605 edere
1099 2558 1137 2605 ea
1158 2539 1283 2603 ratione
1307 2538 1407 2603 decre·

256 2661 376 2721 ueram,
402 2645 550 2726 quoniam
573 2645 839 2727 praecedentibus
864 2648 1094 2727 consequentes
1113 2645 1323 2729 inquisitione
1341 2663 1406 2729 pro·
1423 2683 1445 2716 s·

256 2748 382 2815 ficiente
407 2753 586 2815 nectuntur.
611 2770 685 2815 oum
706 2771 780 2837 ergo
800 2771 856 2835 per
879 2772 933 2818 eos
958 2752 1112 2828 homines,
1132 2750 1198 2833 qui,
1222 2751 1406 2835 prinsquam

293 2941 309 2992 6
329 2938 403 2993 dioto
422 2939 543 3001 reinaldi,
562 2956 596 2993 m.
613 2942 633 2992 2
651 2938 754 2992 dictare
773 2940 856 2993 malui
871 2940 901 2993 Ε
936 2940 969 2994 10
988 2940 1105 3011 Explicit
1124 2940 1158 2995 sd
1178 2958 1262 3010 supra
1282 2942 1369 2995 dirtos
1384 2940 1410 2993 E
1528 2922 1529 3014 i

477 3062 500 3116 0
528 3089 562 3109 z
582 3063 640 3117 cod.
661 3064 838 3119 Bodleianns
856 3064 950 3119 Laod.
969 3066 1043 3118 nimo.
1064 3067 1119 3119 120
1137 3082 1160 3121 a.
1181 3063 1225 3117 IX
1243 3066 1283 3119 in.

472 3152 506 3204 H
526 3177 560 3198 =
580 3152 638 3206 eod.
657 3152 814 3207 Palatinus
833 3158 895 3207 202
912 3171 934 3207 s.
953 3154 1003 3207 IX.
1527 3142 1528 3145 Ἴ

472 3241 497 3294 L
526 3241 1043 3297 :eod.Loudunensis130s.IX.

471 3330 510 3383 M
525 3354 559 3375 =
577 3330 637 3385 eod.
657 3330 828 3384 Martianus
848 3334 908 3385 630
924 3348 947 3383 a.
966 3330 1016 3383 IX.

472 3418 561 3473 M¹=
581 3419 639 3475 cod.
659 3420 830 3474 Marcianus
850 3423 910 3473 632
927 3436 949 3473 s.
968 3420 1005 3473 X.

473 3508 490 3560 1
526 3534 559 3554 =
580 3509 639 3564 cod.
658 3508 838 3577 Eporediam
860 3512 898 3563 77
915 3526 937 3563 a.
958 3510 994 3563 X.

478 3597 504 3651 Γ
527 3622 561 3644 =
582 3597 639 3653 cod.
665 3598 843 3651 Vercelleoeia
861 3602 926 3659 104.
949 3602 988 3651 47
1005 3614 1026 3649 a.
1047 3598 1083 3650 X.

478 3687 505 3738 V
528 3712 562 3733 =
581 3688 640 3742 cod.
665 3687 823 3740 Vaticanus
844 3690 926 3741 5755
943 3704 964 3739 a.
984 3686 1035 3740 XI.

478 3776 504 3829 Τ
527 3802 560 3823 =
580 3776 638 3832 eod.
663 3776 804 3831 Trecenaia
824 3778 863 3828 09
881 3794 903 3830 a.
923 3775 986 3829 XII.

296 3903 328 3956 13
349 3905 376 3955 et
396 3900 594 3969 eonsaeerdotil
614 3918 644 3955 ac
664 3901 824 3970 coepiscopo
850 3898 875 3949 V
912 3900 945 3952 lo
964 3898 1042 3953 soV
1084 3900 1117 3953 16
1138 3898 1224 3952 edidi
1247 3898 1275 3953 U
1328 3899 1410 3953 editio

259 3991 394 4052 irrisorem,
413 4008 447 4043 m.
467 3994 487 4043 2
505 3988 579 4043 edidi
598 3988 788 4043 omiseramO
831 3989 862 4041 17
881 3988 949 4041 mihi
968 3992 1126 4057 praereptos
1150 3986 1177 4039 l'
1228 3988 1299 4057 siue]
1320 3986 1413 4040 uuir

260 4082 294 4133 18
313 4084 445 4133 retractos
464 4078 510 4131 Μι
565 4074 1054 4147 expolil'l‘renrstas.1-21.)MU
1088 4076 1124 4129 20
1143 4076 1285 4144 quoniam]
1307 4092 1362 4144 qua
1380 4091 1412 4127 a

260 4184 330 4225 corr.
348 4168 385 4221 M
489 4167 683 4237 inquisitione·
697 4167 732 4219 H
746 4166 933 4235 inquisitionis
957 4164 982 4218 T
1077 4164 1234 4234 proficisse,
1252 4180 1289 4216 oe.
1309 4169 1324 4215 1
1342 4178 1404 4216 sorr

260 4259 418 4327 proficiente
437 4257 463 4310 L
482 4256 697 4326 proprietateT
750 4254 1106 4325 e1quiom.o1qniam
