3092 4959
275 384 341 447 154
630 381 658 434 S.
685 381 825 434 Aureli
853 381 1070 450 Augustini

272 574 352 638 nihil
376 593 483 657 agens.
508 574 694 639 commendo
719 575 816 638 etiarn
841 593 898 658 ego
923 575 1126 639 excellentiae
1153 578 1226 639 tuae
1255 571 1422 636 ecelesiam

270 684 303 746 in
318 682 470 746 Numidia
485 683 703 754 constitutam,
713 685 842 763 propter
853 681 945 746 cuius
960 681 1168 745 necessitates
1183 684 1313 745 sanctus
1328 679 1423 744 frater

272 792 305 853 et
336 791 544 870 coepiscopus
576 809 667 853 meus
701 789 879 871 Delphinus
912 807 930 850 a
965 789 1116 852 fratribus
1154 791 1186 852 et
1224 787 1423 870 coepiscopis

272 896 353 959 meis
376 896 421 959 ibi
445 896 723 959 conlaborantibus
748 899 780 958 et
799 894 1125 976 compericlitantibus
1145 894 1264 958 missus
1284 897 1341 958 est
1366 911 1422 957 nec

273 1002 311 1064 de
336 1002 449 1066 haere
472 1003 564 1084 plura
587 1002 701 1077 scribo,
726 1020 799 1065 cum
823 1002 928 1082 ipsum
954 1007 1151 1083 praesentem
1176 1001 1219 1064 sis
1244 1000 1423 1064 auditurus.
1453 1022 1465 1058 a

272 1111 376 1172 cetera
402 1109 434 1171 in
463 1109 712 1173 commonitoriis
740 1109 892 1172 inuenies.
922 1127 1002 1189 quae
1031 1108 1069 1172 ad
1097 1107 1315 1190 presbyterum
1351 1107 1424 1170 misi

273 1214 343 1278 sine
367 1214 460 1277 modo
486 1215 555 1278 siue
579 1234 635 1297 per
658 1215 826 1278 diaconum
850 1214 1066 1299 Peregrinum,
1091 1234 1129 1276 ne
1152 1213 1231 1276 mihi
1251 1231 1288 1276 ea
1307 1213 1424 1276 totiens

273 1321 386 1384 iterare
418 1340 548 1384 necesse
583 1322 636 1384 sit.
670 1340 796 1402 semper
827 1321 859 1384 in
895 1321 1019 1386 Christo
1054 1339 1107 1384 cor
1134 1323 1227 1384 tuum
1254 1320 1364 1402 uigeat
1393 1323 1425 1381 et

274 1427 420 1510 gaudeat,
436 1425 562 1490 domine
577 1427 690 1490 merito
705 1427 840 1511 insignis
857 1427 1058 1508 multumque
1074 1425 1237 1491 carissime
1252 1444 1288 1488 ao
1304 1424 1425 1488 deside·

271 1533 452 1597 nantissime
476 1533 531 1595 fili.
549 1533 655 1597 filium.
671 1542 814 1596 nostrum
835 1533 993 1610 Rufinum,
1011 1534 1184 1598 Cirtensem
1204 1531 1423 1613 principalem,
1443 1554 1466 1592 ro

273 1640 459 1704 commendo
484 1640 658 1704 eximietati
682 1645 766 1704 tuae.

310 1832 322 1883 l
344 1846 417 1898 ages,
436 1846 470 1882 m.
491 1834 510 1882 2
529 1848 612 1899 agens
631 1832 667 1883 Ρ1
687 1832 746 1900 agis
765 1831 851 1884 PSP‘
934 1833 949 1884 2
968 1831 1090 1884 numidia
1110 1831 1146 1884 M
1163 1835 1208 1896 (ω
1227 1833 1309 1898 erus.)
1327 1829 1358 1882 F
1372 1846 1423 1882 nn-

272 1918 383 1971 midiam
403 1919 494 1971 ΡΑΡ4
580 1921 677 1988 imm,
696 1939 730 1973 m.
751 1925 771 1974 2
790 1921 857 1973 meis
876 1919 915 1973 Pl
1002 1919 1219 1988 periclitantibus
1237 1919 1302 1972 Pe*
1380 1935 1424 1983 ne,

271 2026 306 2061 aa.
327 2011 346 2061 2
365 2024 413 2060 nec
432 2007 494 2062 P¹S
565 2009 581 2061 5
600 2010 715 2062 scribam
735 2009 798 2061 PP¹
818 2013 862 2076 (m.
882 2013 902 2062 2
921 2009 1019 2070 scribo)
1041 2007 1100 2062 ΒΡ*
1172 2009 1231 2076 ipso
1251 2011 1423 2076 praesentem

272 2096 335 2149 MA
353 2096 412 2164 ipso
432 2101 575 2165 praesente
594 2097 625 2150 F
694 2097 710 2150 6
730 2098 953 2154 communitoriis.
973 2113 1042 2150 corr.
1063 2096 1275 2149 commonitoriis
1295 2095 1329 2148 Μ
1349 2111 1423 2147 com·

273 2185 408 2252 materiis,
426 2202 461 2238 m.
480 2190 495 2238 1
514 2202 584 2240 corr.
603 2187 815 2239 commonitoriis
830 2185 867 2238 P¹
922 2185 956 2238 ad
975 2203 1035 2248 ona,
1054 2203 1089 2238 m.
1105 2189 1124 2238 2
1139 2203 1186 2256 per
1200 2185 1265 2238 add.
1281 2185 1309 2237 P
1361 2183 1423 2249 mei,

272 2289 307 2326 m.
327 2277 347 2326 2
364 2274 427 2326 misi
445 2273 483 2326 P¹
564 2275 581 2328 8
601 2278 629 2328 et
648 2275 767 2344 gaudeat
786 2291 837 2328 om.
857 2273 1013 2328 MFAP³R
1032 2275 1092 2328 cdd.
1172 2275 1204 2328 10
1224 2275 1369 2327 circensem
1388 2271 1426 2324 Μ

274 2366 424 2414 sextensem
442 2365 468 2414 A
561 2365 591 2416 ll
619 2366 763 2428 eximiaeti‚
787 2381 821 2417 m.
845 2369 860 2416 1
883 2380 951 2417 corr.
976 2363 1142 2416 eximiuetati
1164 2362 1202 2415 M
1222 2361 1377 2415 eximietate
1397 2359 1419 2412 1·

274 2452 318 2515 (m.
338 2454 354 2502 1
374 2467 443 2504 corr.
464 2452 624 2520 eximietati)
643 2453 682 2506 P⁴
702 2457 746 2518 (m.
766 2459 798 2506 at
816 2452 874 2504 reid.
894 2457 909 2504 1
928 2469 997 2506 corr.
1018 2451 1177 2518 eximietati)
