3092 4959
275 370 340 433 382
631 368 657 423 S.
688 370 824 423 Aureli
852 370 1068 437 Augustini

276 566 417 630 excelsae
434 566 590 632 excelsius
606 568 775 642 humilem;
792 566 944 652 uirgines,
956 586 1035 647 quae
1051 567 1112 631 sibi
1123 571 1237 650 optant
1245 567 1419 631 Aniciorum

275 673 464 749 claritatem,
485 674 604 757 eligant
628 675 841 738 sanctitatem.
863 674 943 738 illud
964 675 1047 739 enim
1067 678 1186 756 quanta
1203 675 1292 739 ,libet
1310 673 1419 757 cupidi·

274 784 340 845 tate
365 781 490 863 quando
515 781 750 862 adsequentur?
775 782 836 844 hoc
859 786 977 855 autem,
1003 782 1031 845 si
1054 782 1147 863 plene
1168 782 1339 863 cupierint,
1357 800 1420 845 moa

274 887 447 951 habebunt.
473 890 620 971 protegat
635 908 692 951 uos
712 888 889 953 incolumes
905 892 937 952 et
951 888 1109 952 feliciores
1125 887 1256 952 dextera
1270 887 1421 952 altissimi.

275 994 421 1057 dominae
446 995 564 1058 honore
585 994 791 1078 dignissimae
815 999 848 1059 et
869 994 1163 1076 praestantissimae
1182 995 1280 1059 tiliae.
1303 996 1422 1078 pignera
1445 1016 1453 1050 ³
1540 997 1541 1034 ³

277 1101 457 1165 sanctitatis
495 1105 633 1178 uestrae,
671 1102 840 1183 praecipue
881 1102 984 1184 ipsam
1022 1100 1191 1165 sanctitate
1228 1102 1421 1183 praecipuam
1540 1087 1541 1100 ¹

277 1207 383 1270 debito
422 1208 540 1272 uestris
578 1208 701 1271 meritis
737 1208 840 1271 officio
879 1208 1050 1273 dilectione
1087 1208 1208 1272 domini
1241 1208 1421 1273 salamnus.

277 1314 447 1379 delationis
472 1314 702 1397 apophoretum
727 1315 910 1409 gratissime
934 1317 1127 1399 accepimus.

819 1524 896 1589 CLI.

277 1665 423 1720 DOMINO
444 1664 584 1719 MERITO
604 1664 777 1719 INLUSTRI
795 1665 840 1718 ET
858 1664 994 1719 DEBITO
1010 1666 1033 1718 A
1047 1666 1101 1719 ΜΕ
1119 1665 1276 1720 HONORE
1294 1664 1420 1721 alonis
1435 1674 1453 1707 ¹r·
1540 1683 1541 1730 r

279 1755 366 1811 Sino
391 1754 491 1809 FILIO
517 1752 739 1809 CAECILIANO
764 1753 996 1809 AUGUSTINUS
1019 1755 1060 1808 IN
1083 1754 1231 1810 DOMINO
1257 1755 1420 1810 satanan.
1540 1733 1541 1776 ¹

1540 1793 1541 1842 l

238 1886 253 1947 1
325 1880 462 1959 Querela
486 1880 524 1943 de
549 1900 599 1943 me
624 1881 706 1962 apud
730 1884 762 1944 te
786 1880 903 1944 litteris
928 1882 994 1944 tuis
1019 1881 1121 1945 indita
1148 1886 1238 1947 tanto
1273 1887 1323 1947 est
1352 1880 1418 1945 mihi

280 1988 399 2073 gratior
423 1992 540 2069 quanto
564 1988 687 2070 plenior
711 1988 862 2052 caritatis.
888 1988 914 2052 si
941 2008 1027 2072 ergo,
1057 1988 1142 2070 quod
1170 1990 1269 2066 tacui,
1300 2006 1419 2073 purgare

280 2114 382 2164 coner,
408 2095 486 2177 quid
514 2095 651 2159 conabor
679 2094 766 2159 alind
796 2114 892 2177 quarn
927 2095 1094 2159 ostendere
1127 2100 1159 2160 te
1192 2115 1255 2160 non
1282 2096 1418 2161 habuisse

280 2222 420 2279 causam,
437 2221 499 2284 qua
519 2202 598 2265 mihi
617 2220 803 2265 suscensere
819 2202 972 2266 deberes?
998 2202 1054 2265 sed
1074 2220 1145 2266 cum
1170 2202 1204 2266 id
1227 2202 1259 2277 in
1279 2207 1311 2267 te
1329 2202 1417 2285 magis
1432 2216 1449 2253 r·

280 2308 423 2389 diligam,
450 2308 536 2389 qnod
560 2308 598 2372 de
625 2326 697 2372 mea
726 2308 892 2373 reticentia
927 2327 960 2371 es
994 2308 1144 2391 dignatus
1178 2308 1305 2373 offendi.
1338 2324 1417 2389 quarn

277 2414 359 2477 inter
387 2418 458 2477 tuos
489 2434 580 2478 curas
614 2414 693 2479 nihil
727 2414 881 2479 momenti
913 2414 1029 2479 habere
1062 2414 1271 2492 credideram,
1304 2432 1416 2478 causan

277 2540 381 2585 meam
406 2522 562 2599 deseram,
587 2522 616 2585 si
639 2542 690 2585 me
713 2541 849 2607 purgare
874 2522 1074 2586 contendero.
1107 2521 1133 2585 si
1165 2524 1248 2585 enim
1277 2518 1415 2605 indignari

278 2649 339 2694 uon
361 2629 512 2707 debuisti,
534 2629 688 2711 quianon
710 2630 748 2693 ad
772 2634 804 2694 te
829 2631 1022 2713 scripserim,
1042 2629 1135 2694 nihili
1153 2650 1207 2695 me
1226 2629 1345 2713 pendis,
1363 2626 1415 2708 qui.

317 2841 329 2891 l
351 2838 472 2892 excelsae
493 2856 544 2894 orn.
563 2839 592 2890 P
698 2839 850 2908 uirginesq;
871 2839 922 2892 sibi
943 2839 980 2891 M
1068 2840 1084 2892 3
1105 2838 1227 2907 quando]
1249 2836 1380 2907 quandem
1396 2836 1416 2884 ,l

316 2928 510 2997 adsequantur,
534 2931 690 2983 m.1corr.
716 2927 900 2996 adsequentur
922 2927 959 2979 M
983 2926 1131 2996 adseqntur
1153 2928 1182 2979 A
1205 2926 1383 2995 adsequuntur
1397 2920 1419 2972 Ρ

281 3022 440 3071 assecuntur
458 3017 484 3069 L
558 3017 662 3085 cupient
681 3014 709 3070 R
728 3017 916 3085 concupierint
934 3016 961 3069 L
1033 3032 1095 3071 mox
1113 3030 1166 3069 om.
1185 3016 1215 3068 P
1273 3010 1418 3068 tatiani

282 3108 430 3176 -pignera
455 3122 507 3160 om.
527 3105 555 3158 P
576 3106 702 3159 altissimi
727 3110 754 3158 et
778 3104 850 3173 qnod
869 3122 952 3174 supra
971 3105 1087 3173 pignora
1106 3107 1170 3164 (om.
1190 3103 1316 3157 dominae
1333 3101 1419 3153 honore

281 3197 456 3265 dignissimae
473 3199 501 3248 et
515 3196 767 3265 praestantissimae
783 3193 865 3259 tiliae)
879 3195 905 3247 L
942 3196 1088 3263 5pignora
1101 3192 1167 3246 P¹L
1182 3192 1245 3247 cdd.
1281 3192 1298 3245 6
1315 3189 1419 3250 neenec}

282 3290 373 3339 uestra
393 3288 421 3337 et
439 3284 466 3337 P
556 3285 731 3337 sanctitatem
751 3284 829 3339 codd.
847 3290 959 3351 practer
977 3282 1014 3336 P¹
1034 3282 1094 3337 edd.
1109 3289 1225 3351 praeter
1242 3299 1270 3335 in
1354 3294 1419 3348 prae·

282 3376 388 3443 cipuam
408 3388 460 3427 om.
480 3372 533 3427 PL
579 3373 594 3426 7
615 3372 775 3441 dilectione]
795 3371 925 3425 dilectore
945 3371 971 3426 L
990 3372 1149 3426 dilectorem
1169 3371 1267 3425 domus
1283 3370 1312 3423 P
1350 3373 1420 3421 dur·

282 3462 584 3531 lationis-accepimus
603 3477 655 3516 om.
675 3461 727 3514 PL
801 3477 852 3530 apo
871 3460 924 3531 php
937 3461 939 3468 '
953 3464 1040 3513 retum
1063 3466 1089 3525 (o
1107 3460 1162 3530 phe
1183 3462 1214 3512 in
1233 3465 1301 3521 raa)
1317 3458 1350 3511 nt
1365 3468 1420 3523 apo·

284 3551 425 3619 pheretunr
444 3550 472 3605 R
492 3550 700 3619 apophetretunr
721 3548 751 3601 F

391 3710 419 3762 P
446 3734 478 3755 =
500 3710 558 3764 cod.
579 3709 731 3761 Parisinus
749 3725 815 3763 nou.
836 3726 894 3775 neq.
917 3712 994 3762 1672
1011 3726 1032 3763 a.
1053 3708 1108 3763 IX.

398 3799 423 3851 V
449 3824 482 3843 =
502 3798 561 3851 coci.
587 3798 744 3851 Vaticanus
765 3802 825 3850 495
843 3816 864 3850 s.
885 3798 914 3849 X
921 3798 949 3849 V.

398 3887 424 3941 U
449 3910 482 3933 -τ
503 3888 561 3943 cod.
587 3888 743 3941 Vaticanus
764 3890 824 3940 499
841 3906 863 3941 a.
883 3888 948 3939 XV.

377 4012 569 4067 Louauiensea
592 4012 666 4066 hcrrcc
689 4014 835 4080 epistulam
862 4014 891 4065 in
914 4012 1061 4066 Vaticanis
1083 4010 1285 4079 aernpioridua
1301 4006 1416 4075 reperim

283 4104 370 4172 prinei
389 4103 543 4156 ediderunt.

328 4282 358 4333 12
380 4280 418 4347 te]
439 4296 481 4331 rue
502 4279 529 4331 P
584 4281 616 4333 19
636 4280 705 4332 nihil
730 4277 786 4331 VU
802 4278 861 4332 cdd.
