<?xml version="1.0" encoding="UTF-8"?>
<!DOCTYPE html PUBLIC "-//W3C//DTD XHTML 1.0 Transitional//EN"
    "http://www.w3.org/TR/xhtml1/DTD/xhtml1-transitional.dtd">
<html xmlns="http://www.w3.org/1999/xhtml" xml:lang="en" lang="en">
 <head>
  <title>
</title>
<meta http-equiv="Content-Type" content="text/html;charset=utf-8" />
  <meta name='ocr-system' content='tesseract 3.04.00' />
  <meta name='ocr-capabilities' content='ocr_page ocr_carea ocr_par ocr_line ocrx_word'/>
</head>
<body>
  <div class='ocr_page' id='page_1' title='image "./corpusscriptoru05wissgoog_0374.png"; bbox 0 0 3092 4959; ppageno 0'>
   <div class='ocr_carea' id='block_1_1' title="bbox 262 361 1060 436">
    <p class='ocr_par' dir='ltr' id='par_1_1' title="bbox 262 361 1060 436">
     <span class='ocr_line' id='line_1_1' title="bbox 262 361 1060 436; baseline -0.016 -8"><span class='ocrx_word' id='word_1_1' title='bbox 262 371 329 436; x_wconf 78' lang='grc'>342</span> <span class='ocrx_word' id='word_1_2' title='bbox 613 364 646 418; x_wconf 79' lang='lat' dir='ltr'>S.</span> <span class='ocrx_word' id='word_1_3' title='bbox 674 363 813 418; x_wconf 78' lang='lat' dir='ltr'><strong>Aureli</strong></span> <span class='ocrx_word' id='word_1_4' title='bbox 841 361 1060 432; x_wconf 72' lang='lat' dir='ltr'>Augustini</span> 
     </span>
    </p>
   </div>
   <div class='ocr_carea' id='block_1_2' title="bbox 194 550 1413 963">
    <p class='ocr_par' dir='ltr' id='par_1_2' title="bbox 259 550 1411 749">
     <span class='ocr_line' id='line_1_2' title="bbox 260 550 1411 636; baseline -0.007 -10"><span class='ocrx_word' id='word_1_5' title='bbox 260 564 369 627; x_wconf 87' lang='lat' dir='ltr'>sutem</span> <span class='ocrx_word' id='word_1_6' title='bbox 391 560 569 624; x_wconf 86' lang='lat' dir='ltr'>inuisibilia</span> <span class='ocrx_word' id='word_1_7' title='bbox 591 559 741 624; x_wconf 85' lang='lat' dir='ltr'>uidentur</span> <span class='ocrx_word' id='word_1_8' title='bbox 762 559 825 624; x_wconf 88' lang='lat' dir='ltr'>nisi</span> <span class='ocrx_word' id='word_1_9' title='bbox 848 558 952 624; x_wconf 92' lang='lat' dir='ltr'>oculis</span> <span class='ocrx_word' id='word_1_10' title='bbox 976 555 1092 632; x_wconf 86' lang='lat' dir='ltr'>cordis,</span> <span class='ocrx_word' id='word_1_11' title='bbox 1117 554 1155 620; x_wconf 86' lang='lat' dir='ltr'>de</span> <span class='ocrx_word' id='word_1_12' title='bbox 1178 554 1296 636; x_wconf 88' lang='lat' dir='ltr'>quibus</span> <span class='ocrx_word' id='word_1_13' title='bbox 1319 550 1411 636; x_wconf 86' lang='lat' dir='ltr'>paulo</span> 
     </span>
     <span class='ocr_line' id='line_1_3' title="bbox 259 661 1331 749; baseline -0.007 -17"><span class='ocrx_word' id='word_1_14' title='bbox 259 672 332 733; x_wconf 86' lang='lat' dir='ltr'>ante</span> <span class='ocrx_word' id='word_1_15' title='bbox 357 668 431 745; x_wconf 83' lang='lat' dir='ltr'>dixi,</span> <span class='ocrx_word' id='word_1_16' title='bbox 456 667 532 749; x_wconf 91' lang='lat' dir='ltr'>quid</span> <span class='ocrx_word' id='word_1_17' title='bbox 554 667 768 748; x_wconf 82' lang='lat' dir='ltr'><strong>Hieronymus</strong></span> <span class='ocrx_word' id='word_1_18' title='bbox 794 664 930 730; x_wconf 74' lang='lat' dir='ltr'>senserit</span> <span class='ocrx_word' id='word_1_19' title='bbox 953 662 992 728; x_wconf 87' lang='lat' dir='ltr'>ad</span> <span class='ocrx_word' id='word_1_20' title='bbox 1014 661 1189 728; x_wconf 89' lang='lat' dir='ltr'>uidendum</span> <span class='ocrx_word' id='word_1_21' title='bbox 1213 661 1331 726; x_wconf 82' lang='lat' dir='ltr'>deum?</span> 
     </span>
    </p>

    <p class='ocr_par' dir='ltr' id='par_1_3' title="bbox 194 767 1413 963">
     <span class='ocr_line' id='line_1_4' title="bbox 194 767 1413 855; baseline -0.005 -19"><span class='ocrx_word' id='word_1_22' title='bbox 194 774 234 836; x_wconf 82' lang='lat'>12</span> <span class='ocrx_word' id='word_1_23' title='bbox 302 775 387 840; x_wconf 90' lang='lat' dir='ltr'>Hinc</span> <span class='ocrx_word' id='word_1_24' title='bbox 416 776 477 848; x_wconf 89' lang='lat' dir='ltr'>est,</span> <span class='ocrx_word' id='word_1_25' title='bbox 505 773 591 855; x_wconf 90' lang='lat' dir='ltr'>quod</span> <span class='ocrx_word' id='word_1_26' title='bbox 619 773 715 837; x_wconf 88' lang='lat' dir='ltr'>etiarn</span> <span class='ocrx_word' id='word_1_27' title='bbox 731 773 938 836; x_wconf 70' lang='lat' dir='ltr'>vmemoratus</span> <span class='ocrx_word' id='word_1_28' title='bbox 965 767 1216 834; x_wconf 87' lang='lat' dir='ltr'>Mediolanensis</span> <span class='ocrx_word' id='word_1_29' title='bbox 1244 767 1413 850; x_wconf 83' lang='lat' dir='ltr'>episcopas</span> 
     </span>
     <span class='ocr_line' id='line_1_5' title="bbox 258 873 1413 963; baseline -0.008 -17"><span class='ocrx_word' id='word_1_30' title='bbox 258 882 291 946; x_wconf 92' lang='lat' dir='ltr'>in</span> <span class='ocrx_word' id='word_1_31' title='bbox 318 882 390 963; x_wconf 88' lang='lat' dir='ltr'>ipsa</span> <span class='ocrx_word' id='word_1_32' title='bbox 415 879 647 945; x_wconf 88' lang='lat' dir='ltr'>resurrectione</span> <span class='ocrx_word' id='word_1_33' title='bbox 676 878 754 943; x_wconf 84' lang='lat' dir='ltr'>dixit</span> <span class='ocrx_word' id='word_1_34' title='bbox 781 897 844 943; x_wconf 93' lang='lat' dir='ltr'>non</span> <span class='ocrx_word' id='word_1_35' title='bbox 859 877 965 942; x_wconf 86' lang='lat' dir='ltr'>¹facile</span> <span class='ocrx_word' id='word_1_36' title='bbox 994 894 1065 942; x_wconf 88' lang='lat' dir='ltr'>esse</span> <span class='ocrx_word' id='word_1_37' title='bbox 1091 874 1187 940; x_wconf 89' lang='lat' dir='ltr'>deum</span> <span class='ocrx_word' id='word_1_38' title='bbox 1216 874 1327 940; x_wconf 84' lang='lat' dir='ltr'>uidere</span> <span class='ocrx_word' id='word_1_39' title='bbox 1355 873 1413 938; x_wconf 87' lang='lat' dir='ltr'>nisi</span> 
     </span>
    </p>
   </div>
   <div class='ocr_carea' id='block_1_3' title="bbox 188 979 1449 2970">
    <p class='ocr_par' dir='ltr' id='par_1_4' title="bbox 248 979 1449 2027">
     <span class='ocr_line' id='line_1_6' title="bbox 259 979 1449 1069; baseline -0.012 -17"><span class='ocrx_word' id='word_1_40' title='bbox 259 987 322 1066; x_wconf 90' lang='lat' dir='ltr'>his,</span> <span class='ocrx_word' id='word_1_41' title='bbox 355 985 410 1069; x_wconf 89' lang='lat' dir='ltr'>qui</span> <span class='ocrx_word' id='word_1_42' title='bbox 440 984 559 1050; x_wconf 91' lang='lat' dir='ltr'>mundo</span> <span class='ocrx_word' id='word_1_43' title='bbox 592 988 668 1049; x_wconf 85' lang='lat' dir='ltr'>sunt</span> <span class='ocrx_word' id='word_1_44' title='bbox 701 984 805 1060; x_wconf 85' lang='lat' dir='ltr'>corde,</span> <span class='ocrx_word' id='word_1_45' title='bbox 839 988 871 1048; x_wconf 88' lang='lat' dir='ltr'>et</span> <span class='ocrx_word' id='word_1_46' title='bbox 898 983 969 1048; x_wconf 91' lang='lat' dir='ltr'>ideo</span> <span class='ocrx_word' id='word_1_47' title='bbox 999 981 1155 1064; x_wconf 89' lang='lat' dir='ltr'>scripturn</span> <span class='ocrx_word' id='word_1_48' title='bbox 1184 999 1274 1046; x_wconf 87' lang='lat' dir='ltr'>esso:</span> <span class='ocrx_word' id='word_1_49' title='bbox 1306 979 1449 1048; x_wconf 76' lang='lat' dir='ltr'>Bootis</span> 
     </span>
     <span class='ocr_line' id='line_1_7' title="bbox 258 1087 1411 1174; baseline -0.006 -16"><span class='ocrx_word' id='word_1_50' title='bbox 258 1093 394 1158; x_wconf 90' lang='lat' dir='ltr'>mundo</span> <span class='ocrx_word' id='word_1_51' title='bbox 414 1092 535 1169; x_wconf 89' lang='lat' dir='ltr'>corde,</span> <span class='ocrx_word' id='word_1_52' title='bbox 558 1093 647 1174; x_wconf 88' lang='lat' dir='ltr'>quia</span> <span class='ocrx_word' id='word_1_53' title='bbox 671 1090 748 1173; x_wconf 88' lang='lat' dir='ltr'>ipsi</span> <span class='ocrx_word' id='word_1_54' title='bbox 771 1089 881 1154; x_wconf 90' lang='lat' dir='ltr'>deum</span> <span class='ocrx_word' id='word_1_55' title='bbox 900 1089 1095 1154; x_wconf 86' lang='lat' dir='ltr'>uidebunt.</span> <span class='ocrx_word' id='word_1_56' title='bbox 1114 1091 1262 1171; x_wconf 84' lang='lat' dir='ltr'>‘quantoe</span> <span class='ocrx_word' id='word_1_57' title='bbox 1281 1087 1411 1160; x_wconf 83' lang='lat' dir='ltr'>beatos&#39;,</span> 
     </span>
     <span class='ocr_line' id='line_1_8' title="bbox 258 1191 1411 1283; baseline -0.005 -19"><span class='ocrx_word' id='word_1_58' title='bbox 258 1201 373 1283; x_wconf 86' lang='lat' dir='ltr'>inquit,</span> <span class='ocrx_word' id='word_1_59' title='bbox 410 1202 484 1264; x_wconf 85' lang='lat' dir='ltr'>‘iam</span> <span class='ocrx_word' id='word_1_60' title='bbox 517 1202 741 1263; x_wconf 84' lang='lat' dir='ltr'>numeraueret</span> <span class='ocrx_word' id='word_1_61' title='bbox 773 1201 812 1278; x_wconf 83' lang='lat' dir='ltr'>et</span> <span class='ocrx_word' id='word_1_62' title='bbox 838 1201 944 1261; x_wconf 83' lang='lat' dir='ltr'>tamen</span> <span class='ocrx_word' id='word_1_63' title='bbox 978 1196 1024 1260; x_wconf 88' lang='lat' dir='ltr'>sis</span> <span class='ocrx_word' id='word_1_64' title='bbox 1055 1194 1186 1258; x_wconf 90' lang='lat' dir='ltr'>uidendi</span> <span class='ocrx_word' id='word_1_65' title='bbox 1224 1191 1322 1258; x_wconf 89' lang='lat' dir='ltr'>deum</span> <span class='ocrx_word' id='word_1_66' title='bbox 1354 1213 1411 1258; x_wconf 92' lang='lat' dir='ltr'>non</span> 
     </span>
     <span class='ocr_line' id='line_1_9' title="bbox 258 1298 1412 1391; baseline -0.004 -20"><span class='ocrx_word' id='word_1_67' title='bbox 258 1307 449 1391; x_wconf 81' lang='lat' dir='ltr'>promiserat</span> <span class='ocrx_word' id='word_1_68' title='bbox 475 1305 690 1370; x_wconf 65' lang='lat' dir='ltr'>facultatem?</span> <span class='ocrx_word' id='word_1_69' title='bbox 717 1304 830 1368; x_wconf 89' lang='lat' dir='ltr'>deinde</span> <span class='ocrx_word' id='word_1_70' title='bbox 859 1301 1006 1386; x_wconf 87' lang='lat' dir='ltr'>adiungit</span> <span class='ocrx_word' id='word_1_71' title='bbox 1028 1306 1061 1366; x_wconf 92' lang='lat' dir='ltr'>et</span> <span class='ocrx_word' id='word_1_72' title='bbox 1083 1300 1176 1366; x_wconf 87' lang='lat' dir='ltr'>dicit:</span> <span class='ocrx_word' id='word_1_73' title='bbox 1201 1298 1253 1366; x_wconf 84' lang='lat' dir='ltr'>‘Si</span> <span class='ocrx_word' id='word_1_74' title='bbox 1272 1318 1348 1384; x_wconf 85' lang='lat' dir='ltr'>ergo</span> <span class='ocrx_word' id='word_1_75' title='bbox 1371 1300 1412 1376; x_wconf 85' lang='lat' dir='ltr'>hi,</span> 
     </span>
     <span class='ocr_line' id='line_1_10' title="bbox 258 1406 1413 1496; baseline -0.007 -18"><span class='ocrx_word' id='word_1_76' title='bbox 258 1413 316 1496; x_wconf 90' lang='lat' dir='ltr'>qui</span> <span class='ocrx_word' id='word_1_77' title='bbox 337 1412 457 1477; x_wconf 89' lang='lat' dir='ltr'>rnundo</span> <span class='ocrx_word' id='word_1_78' title='bbox 481 1415 558 1477; x_wconf 90' lang='lat' dir='ltr'>sunt</span> <span class='ocrx_word' id='word_1_79' title='bbox 580 1411 684 1488; x_wconf 86' lang='lat' dir='ltr'>corda,</span> <span class='ocrx_word' id='word_1_80' title='bbox 708 1410 803 1475; x_wconf 91' lang='lat' dir='ltr'>deum</span> <span class='ocrx_word' id='word_1_81' title='bbox 828 1409 995 1484; x_wconf 88' lang='lat' dir='ltr'>uidebunt,</span> <span class='ocrx_word' id='word_1_82' title='bbox 1023 1408 1137 1491; x_wconf 81' lang='lat' dir='ltr'>utique</span> <span class='ocrx_word' id='word_1_83' title='bbox 1160 1406 1216 1472; x_wconf 91' lang='lat' dir='ltr'>alii</span> <span class='ocrx_word' id='word_1_84' title='bbox 1239 1425 1301 1472; x_wconf 91' lang='lat' dir='ltr'>non</span> <span class='ocrx_word' id='word_1_85' title='bbox 1330 1406 1413 1472; x_wconf 77' lang='lat' dir='ltr'>uide</span> 
     </span>
     <span class='ocr_line' id='line_1_11' title="bbox 258 1513 1448 1600; baseline -0.006 -16"><span class='ocrx_word' id='word_1_86' title='bbox 258 1520 359 1584; x_wconf 87' lang='lat' dir='ltr'>buut&#39;.</span> <span class='ocrx_word' id='word_1_87' title='bbox 388 1523 421 1584; x_wconf 91' lang='lat' dir='ltr'>et</span> <span class='ocrx_word' id='word_1_88' title='bbox 448 1539 487 1584; x_wconf 92' lang='lat' dir='ltr'>ne</span> <span class='ocrx_word' id='word_1_89' title='bbox 515 1519 595 1584; x_wconf 89' lang='lat' dir='ltr'>alios</span> <span class='ocrx_word' id='word_1_90' title='bbox 623 1517 696 1582; x_wconf 90' lang='lat' dir='ltr'>illos</span> <span class='ocrx_word' id='word_1_91' title='bbox 725 1517 951 1600; x_wconf 83' lang='lat' dir='ltr'>acciperemus,</span> <span class='ocrx_word' id='word_1_92' title='bbox 984 1516 1022 1580; x_wconf 86' lang='lat' dir='ltr'>de</span> <span class='ocrx_word' id='word_1_93' title='bbox 1055 1514 1172 1598; x_wconf 89' lang='lat' dir='ltr'>quibus</span> <span class='ocrx_word' id='word_1_94' title='bbox 1200 1513 1323 1578; x_wconf 91' lang='lat' dir='ltr'>dictum</span> <span class='ocrx_word' id='word_1_95' title='bbox 1352 1517 1411 1578; x_wconf 86' lang='lat' dir='ltr'>ost:</span> <span class='ocrx_word' id='word_1_96' title='bbox 1427 1530 1448 1571; x_wconf 80' lang='grc' dir='ltr'>ιο</span> 
     </span>
     <span class='ocr_line' id='line_1_12' title="bbox 257 1619 1410 1708; baseline -0.004 -17"><span class='ocrx_word' id='word_1_97' title='bbox 257 1625 368 1691; x_wconf 88' lang='lat' dir='ltr'>Beati</span> <span class='ocrx_word' id='word_1_98' title='bbox 391 1644 588 1708; x_wconf 84' lang='lat' dir='ltr'>pauperes,</span> <span class='ocrx_word' id='word_1_99' title='bbox 611 1623 716 1689; x_wconf 87' lang='lat' dir='ltr'>beati</span> <span class='ocrx_word' id='word_1_100' title='bbox 738 1624 854 1688; x_wconf 88' lang='lat' dir='ltr'>mites</span> <span class='ocrx_word' id='word_1_101' title='bbox 875 1627 908 1686; x_wconf 90' lang='lat' dir='ltr'>et</span> <span class='ocrx_word' id='word_1_102' title='bbox 924 1625 1040 1700; x_wconf 86' lang='lat' dir='ltr'>cetera,</span> <span class='ocrx_word' id='word_1_103' title='bbox 1066 1620 1216 1686; x_wconf 87' lang='lat' dir='ltr'>continuo</span> <span class='ocrx_word' id='word_1_104' title='bbox 1237 1619 1410 1686; x_wconf 84' lang='lat' dir='ltr'>subiunxit:</span> 
     </span>
     <span class='ocr_line' id='line_1_13' title="bbox 248 1725 1411 1815; baseline -0.007 -18"><span class='ocrx_word' id='word_1_105' title='bbox 248 1731 381 1815; x_wconf 81' lang='lat' dir='ltr'>“Neque</span> <span class='ocrx_word' id='word_1_106' title='bbox 410 1731 494 1796; x_wconf 89' lang='lat' dir='ltr'>anim</span> <span class='ocrx_word' id='word_1_107' title='bbox 521 1730 646 1814; x_wconf 87' lang='lat' dir='ltr'>indigni</span> <span class='ocrx_word' id='word_1_108' title='bbox 678 1729 774 1795; x_wconf 89' lang='lat' dir='ltr'>deum</span> <span class='ocrx_word' id='word_1_109' title='bbox 807 1728 984 1806; x_wconf 85' lang='lat' dir='ltr'>uidebunt’,</span> <span class='ocrx_word' id='word_1_110' title='bbox 1017 1727 1165 1812; x_wconf 79' lang='lat' dir='ltr'>indignos</span> <span class='ocrx_word' id='word_1_111' title='bbox 1195 1726 1311 1810; x_wconf 89' lang='lat' dir='ltr'>utique</span> <span class='ocrx_word' id='word_1_112' title='bbox 1342 1725 1411 1792; x_wconf 87' lang='lat' dir='ltr'>illos</span> 
     </span>
     <span class='ocr_line' id='line_1_14' title="bbox 258 1833 1410 1922; baseline -0.005 -18"><span class='ocrx_word' id='word_1_113' title='bbox 258 1839 371 1904; x_wconf 91' lang='lat' dir='ltr'>uolens</span> <span class='ocrx_word' id='word_1_114' title='bbox 389 1837 546 1922; x_wconf 85' lang='lat' dir='ltr'>intellegi,</span> <span class='ocrx_word' id='word_1_115' title='bbox 566 1837 622 1919; x_wconf 90' lang='lat' dir='ltr'>qui</span> <span class='ocrx_word' id='word_1_116' title='bbox 640 1837 717 1901; x_wconf 88' lang='lat' dir='ltr'>licet</span> <span class='ocrx_word' id='word_1_117' title='bbox 734 1841 912 1920; x_wconf 82' lang='lat' dir='ltr'>resurgant,</span> <span class='ocrx_word' id='word_1_118' title='bbox 933 1835 1028 1900; x_wconf 87' lang='lat' dir='ltr'>deum</span> <span class='ocrx_word' id='word_1_119' title='bbox 1046 1833 1156 1900; x_wconf 90' lang='lat' dir='ltr'>uidere</span> <span class='ocrx_word' id='word_1_120' title='bbox 1175 1853 1237 1900; x_wconf 92' lang='lat' dir='ltr'>non</span> <span class='ocrx_word' id='word_1_121' title='bbox 1256 1837 1410 1917; x_wconf 79' lang='lat' dir='ltr'>poterunt</span> 
     </span>
     <span class='ocr_line' id='line_1_15' title="bbox 260 1940 1410 2027; baseline -0.003 -19"><span class='ocrx_word' id='word_1_122' title='bbox 260 1944 409 2027; x_wconf 86' lang='lat' dir='ltr'>quoniam</span> <span class='ocrx_word' id='word_1_123' title='bbox 437 1942 476 2008; x_wconf 87' lang='lat' dir='ltr'>ad</span> <span class='ocrx_word' id='word_1_124' title='bbox 505 1944 740 2008; x_wconf 82' lang='lat' dir='ltr'>damnationem</span> <span class='ocrx_word' id='word_1_125' title='bbox 766 1946 945 2027; x_wconf 83' lang='lat' dir='ltr'>resurgent,</span> <span class='ocrx_word' id='word_1_126' title='bbox 980 1942 1057 2025; x_wconf 87' lang='lat' dir='ltr'>quia</span> <span class='ocrx_word' id='word_1_127' title='bbox 1083 1960 1140 2024; x_wconf 87' lang='lat' dir='ltr'>per</span> <span class='ocrx_word' id='word_1_128' title='bbox 1168 1940 1264 2006; x_wconf 88' lang='lat' dir='ltr'>fidem</span> <span class='ocrx_word' id='word_1_129' title='bbox 1297 1959 1410 2015; x_wconf 82' lang='lat' dir='ltr'>aaran,</span> 
     </span>
    </p>

    <p class='ocr_par' dir='ltr' id='par_1_5' title="bbox 188 2046 1445 2970">
     <span class='ocr_line' id='line_1_16' title="bbox 188 2046 1445 2134; baseline -0.007 -18"><span class='ocrx_word' id='word_1_130' title='bbox 188 2079 191 2086; x_wconf 95' lang='lat'>·</span> <span class='ocrx_word' id='word_1_131' title='bbox 255 2069 353 2134; x_wconf 83' lang='lat' dir='ltr'>quse</span> <span class='ocrx_word' id='word_1_132' title='bbox 381 2071 447 2134; x_wconf 90' lang='lat' dir='ltr'>per</span> <span class='ocrx_word' id='word_1_133' title='bbox 474 2050 721 2115; x_wconf 87' lang='lat' dir='ltr'>dilectionem</span> <span class='ocrx_word' id='word_1_134' title='bbox 749 2055 938 2132; x_wconf 85' lang='lat' dir='ltr'>operatur,</span> <span class='ocrx_word' id='word_1_135' title='bbox 972 2067 1025 2113; x_wconf 88' lang='lat' dir='ltr'>cor</span> <span class='ocrx_word' id='word_1_136' title='bbox 1052 2047 1206 2113; x_wconf 82' lang='lat' dir='ltr'>mundare</span> <span class='ocrx_word' id='word_1_137' title='bbox 1233 2046 1445 2113; x_wconf 82' lang='lat' dir='ltr'>nolueruntn</span> 
     </span>
     <span class='ocr_line' id='line_1_17' title="bbox 258 2153 1409 2239; baseline -0.003 -17"><span class='ocrx_word' id='word_1_138' title='bbox 258 2160 292 2222; x_wconf 86' lang='lat' dir='ltr'>et</span> <span class='ocrx_word' id='word_1_139' title='bbox 310 2156 381 2222; x_wconf 91' lang='lat' dir='ltr'>ideo</span> <span class='ocrx_word' id='word_1_140' title='bbox 405 2157 553 2239; x_wconf 87' lang='lat' dir='ltr'>sequitur</span> <span class='ocrx_word' id='word_1_141' title='bbox 570 2158 604 2220; x_wconf 88' lang='lat' dir='ltr'>et</span> <span class='ocrx_word' id='word_1_142' title='bbox 621 2156 716 2221; x_wconf 86' lang='lat' dir='ltr'>dicit:</span> <span class='ocrx_word' id='word_1_143' title='bbox 741 2155 863 2238; x_wconf 86' lang='lat' dir='ltr'>‘Neque</span> <span class='ocrx_word' id='word_1_144' title='bbox 881 2155 921 2232; x_wconf 89' lang='lat' dir='ltr'>is,</span> <span class='ocrx_word' id='word_1_145' title='bbox 946 2155 1000 2238; x_wconf 91' lang='lat' dir='ltr'>qni</span> <span class='ocrx_word' id='word_1_146' title='bbox 1020 2153 1116 2220; x_wconf 90' lang='lat' dir='ltr'>deum</span> <span class='ocrx_word' id='word_1_147' title='bbox 1132 2155 1244 2220; x_wconf 86' lang='lat' dir='ltr'>uidere</span> <span class='ocrx_word' id='word_1_148' title='bbox 1267 2153 1409 2230; x_wconf 79' lang='lat' dir='ltr'>noluerit</span> 
     </span>
     <span class='ocr_line' id='line_1_18' title="bbox 258 2262 1409 2347; baseline -0.002 -19"><span class='ocrx_word' id='word_1_149' title='bbox 258 2266 367 2347; x_wconf 86' lang='lat' dir='ltr'>potest</span> <span class='ocrx_word' id='word_1_150' title='bbox 397 2263 492 2328; x_wconf 88' lang='lat' dir='ltr'>deum</span> <span class='ocrx_word' id='word_1_151' title='bbox 525 2263 655 2328; x_wconf 89' lang='lat' dir='ltr'>uidere’.</span> <span class='ocrx_word' id='word_1_152' title='bbox 692 2263 815 2340; x_wconf 88' lang='lat' dir='ltr'>deinde,</span> <span class='ocrx_word' id='word_1_153' title='bbox 853 2263 928 2346; x_wconf 83' lang='lat' dir='ltr'>quia</span> <span class='ocrx_word' id='word_1_154' title='bbox 960 2262 1147 2328; x_wconf 83' lang='lat' dir='ltr'>occurrebat</span> <span class='ocrx_word' id='word_1_155' title='bbox 1176 2262 1274 2327; x_wconf 86' lang='lat' dir='ltr'>etiam</span> <span class='ocrx_word' id='word_1_156' title='bbox 1307 2279 1409 2328; x_wconf 82' lang='lat' dir='ltr'>omnes</span> 
     </span>
     <span class='ocr_line' id='line_1_19' title="bbox 257 2367 1408 2454; baseline -0.003 -20"><span class='ocrx_word' id='word_1_157' title='bbox 257 2370 375 2454; x_wconf 89' lang='lat' dir='ltr'>impios</span> <span class='ocrx_word' id='word_1_158' title='bbox 394 2370 478 2436; x_wconf 88' lang='lat' dir='ltr'>uelle</span> <span class='ocrx_word' id='word_1_159' title='bbox 497 2371 593 2436; x_wconf 88' lang='lat' dir='ltr'>doum</span> <span class='ocrx_word' id='word_1_160' title='bbox 612 2370 732 2447; x_wconf 83' lang='lat' dir='ltr'>uidere,</span> <span class='ocrx_word' id='word_1_161' title='bbox 757 2370 878 2448; x_wconf 87' lang='lat' dir='ltr'>statim,</span> <span class='ocrx_word' id='word_1_162' title='bbox 903 2373 940 2434; x_wconf 86' lang='lat' dir='ltr'>ut</span> <span class='ocrx_word' id='word_1_163' title='bbox 959 2369 1151 2447; x_wconf 89' lang='lat' dir='ltr'>ostenderet,</span> <span class='ocrx_word' id='word_1_164' title='bbox 1171 2387 1233 2450; x_wconf 86' lang='lat' dir='ltr'>qna</span> <span class='ocrx_word' id='word_1_165' title='bbox 1250 2387 1284 2433; x_wconf 91' lang='lat' dir='ltr'>re</span> <span class='ocrx_word' id='word_1_166' title='bbox 1305 2367 1408 2433; x_wconf 86' lang='lat' dir='ltr'>dixerit</span> 
     </span>
     <span class='ocr_line' id='line_1_20' title="bbox 258 2471 1408 2560; baseline -0.007 -18"><span class='ocrx_word' id='word_1_167' title='bbox 258 2477 325 2560; x_wconf 87' lang='lat' dir='ltr'>‘qui</span> <span class='ocrx_word' id='word_1_168' title='bbox 353 2478 446 2542; x_wconf 90' lang='lat' dir='ltr'>deum</span> <span class='ocrx_word' id='word_1_169' title='bbox 475 2477 583 2542; x_wconf 91' lang='lat' dir='ltr'>uidere</span> <span class='ocrx_word' id='word_1_170' title='bbox 611 2476 772 2552; x_wconf 83' lang='lat' dir='ltr'>noluerit’,</span> <span class='ocrx_word' id='word_1_171' title='bbox 803 2477 876 2559; x_wconf 85' lang='lat' dir='ltr'>quis</span> <span class='ocrx_word' id='word_1_172' title='bbox 904 2475 1016 2557; x_wconf 88' lang='lat' dir='ltr'>utique</span> <span class='ocrx_word' id='word_1_173' title='bbox 1041 2475 1101 2540; x_wconf 94' lang='lat' dir='ltr'>illo</span> <span class='ocrx_word' id='word_1_174' title='bbox 1129 2474 1223 2540; x_wconf 86' lang='lat' dir='ltr'>modo</span> <span class='ocrx_word' id='word_1_175' title='bbox 1252 2493 1315 2539; x_wconf 89' lang='lat' dir='ltr'>non</span> <span class='ocrx_word' id='word_1_176' title='bbox 1344 2471 1408 2536; x_wconf 87' lang='lat' dir='ltr'>null</span> 
     </span>
     <span class='ocr_line' id='line_1_21' title="bbox 259 2577 1442 2667; baseline -0.008 -20"><span class='ocrx_word' id='word_1_177' title='bbox 259 2584 355 2649; x_wconf 91' lang='lat' dir='ltr'>deum</span> <span class='ocrx_word' id='word_1_178' title='bbox 383 2584 491 2648; x_wconf 88' lang='lat' dir='ltr'>uidere</span> <span class='ocrx_word' id='word_1_179' title='bbox 518 2583 650 2667; x_wconf 89' lang='lat' dir='ltr'>impius,</span> <span class='ocrx_word' id='word_1_180' title='bbox 683 2584 758 2665; x_wconf 85' lang='lat' dir='ltr'>quia</span> <span class='ocrx_word' id='word_1_181' title='bbox 786 2601 839 2647; x_wconf 89' lang='lat' dir='ltr'>cor</span> <span class='ocrx_word' id='word_1_182' title='bbox 867 2581 1019 2647; x_wconf 83' lang='lat' dir='ltr'>mundare</span> <span class='ocrx_word' id='word_1_183' title='bbox 1051 2599 1114 2646; x_wconf 90' lang='lat' dir='ltr'>non</span> <span class='ocrx_word' id='word_1_184' title='bbox 1147 2580 1230 2658; x_wconf 88' lang='lat' dir='ltr'>uult,</span> <span class='ocrx_word' id='word_1_185' title='bbox 1264 2599 1328 2663; x_wconf 86' lang='lat' dir='ltr'>qno</span> <span class='ocrx_word' id='word_1_186' title='bbox 1358 2577 1442 2642; x_wconf 76' lang='lat' dir='ltr'>illos</span> 
     </span>
     <span class='ocr_line' id='line_1_22' title="bbox 258 2685 1407 2772; baseline -0.004 -18"><span class='ocrx_word' id='word_1_187' title='bbox 258 2689 361 2754; x_wconf 91' lang='lat' dir='ltr'>uideri</span> <span class='ocrx_word' id='word_1_188' title='bbox 392 2691 520 2772; x_wconf 88' lang='lat' dir='ltr'>poterit,</span> <span class='ocrx_word' id='word_1_189' title='bbox 554 2694 686 2757; x_wconf 89' lang='lat' dir='ltr'>secutus</span> <span class='ocrx_word' id='word_1_190' title='bbox 719 2691 863 2756; x_wconf 82' lang='lat' dir='ltr'>adiunxit</span> <span class='ocrx_word' id='word_1_191' title='bbox 895 2692 928 2754; x_wconf 88' lang='lat' dir='ltr'>et</span> <span class='ocrx_word' id='word_1_192' title='bbox 959 2689 1021 2754; x_wconf 86' lang='lat' dir='ltr'>ait:</span> <span class='ocrx_word' id='word_1_193' title='bbox 1059 2687 1136 2754; x_wconf 84' lang='lat' dir='ltr'>‘Nec</span> <span class='ocrx_word' id='word_1_194' title='bbox 1167 2688 1200 2752; x_wconf 88' lang='lat' dir='ltr'>in</span> <span class='ocrx_word' id='word_1_195' title='bbox 1232 2688 1305 2753; x_wconf 90' lang='lat' dir='ltr'>loco</span> <span class='ocrx_word' id='word_1_196' title='bbox 1336 2685 1407 2752; x_wconf 88' lang='lat' dir='ltr'>dous</span> 
     </span>
     <span class='ocr_line' id='line_1_23' title="bbox 258 2792 1407 2879; baseline -0.005 -18"><span class='ocrx_word' id='word_1_197' title='bbox 258 2797 387 2862; x_wconf 88' lang='lat' dir='ltr'>uidetur</span> <span class='ocrx_word' id='word_1_198' title='bbox 409 2797 466 2862; x_wconf 89' lang='lat' dir='ltr'>sed</span> <span class='ocrx_word' id='word_1_199' title='bbox 490 2798 608 2863; x_wconf 91' lang='lat' dir='ltr'>rnundo</span> <span class='ocrx_word' id='word_1_200' title='bbox 633 2797 725 2862; x_wconf 89' lang='lat' dir='ltr'>corde</span> <span class='ocrx_word' id='word_1_201' title='bbox 749 2817 807 2862; x_wconf 88' lang='lat' dir='ltr'>noc</span> <span class='ocrx_word' id='word_1_202' title='bbox 832 2795 1050 2879; x_wconf 85' lang='lat' dir='ltr'>corporalibus</span> <span class='ocrx_word' id='word_1_203' title='bbox 1080 2793 1183 2860; x_wconf 85' lang='lat' dir='ltr'>oculis</span> <span class='ocrx_word' id='word_1_204' title='bbox 1212 2792 1291 2859; x_wconf 86' lang='lat' dir='ltr'>dous</span> <span class='ocrx_word' id='word_1_205' title='bbox 1321 2809 1407 2875; x_wconf 82' lang='lat' dir='ltr'>qusa-</span> 
     </span>
     <span class='ocr_line' id='line_1_24' title="bbox 256 2899 1409 2970; baseline -0.006 0"><span class='ocrx_word' id='word_1_206' title='bbox 256 2905 341 2970; x_wconf 91' lang='lat' dir='ltr'>ritur</span> <span class='ocrx_word' id='word_1_207' title='bbox 367 2923 425 2970; x_wconf 84' lang='lat' dir='ltr'>noc</span> <span class='ocrx_word' id='word_1_208' title='bbox 453 2905 726 2970; x_wconf 82' lang='lat' dir='ltr'>circumscribitur</span> <span class='ocrx_word' id='word_1_209' title='bbox 753 2905 828 2968; x_wconf 87' lang='lat' dir='ltr'>uisu</span> <span class='ocrx_word' id='word_1_210' title='bbox 856 2921 914 2968; x_wconf 89' lang='lat' dir='ltr'>nec</span> <span class='ocrx_word' id='word_1_211' title='bbox 941 2906 1031 2968; x_wconf 85' lang='lat' dir='ltr'>tactu</span> <span class='ocrx_word' id='word_1_212' title='bbox 1059 2906 1185 2966; x_wconf 86' lang='lat' dir='ltr'>tenetur</span> <span class='ocrx_word' id='word_1_213' title='bbox 1206 2919 1266 2966; x_wconf 90' lang='lat' dir='ltr'>nec</span> <span class='ocrx_word' id='word_1_214' title='bbox 1289 2899 1409 2966; x_wconf 87' lang='lat' dir='ltr'>auditur</span> 
     </span>
    </p>
   </div>
   <div class='ocr_carea' id='block_1_4' title="bbox 260 3089 1407 3251">
    <p class='ocr_par' dir='ltr' id='par_1_6' title="bbox 260 3089 1407 3251">
     <span class='ocr_line' id='line_1_25' title="bbox 348 3089 1407 3163; baseline -0.007 -12"><span class='ocrx_word' id='word_1_215' title='bbox 348 3095 450 3161; x_wconf 77' lang='lat'>4-10;</span> <span class='ocrx_word' id='word_1_216' title='bbox 473 3096 520 3160; x_wconf 81' lang='lat'>12;</span> <span class='ocrx_word' id='word_1_217' title='bbox 541 3095 815 3162; x_wconf 80' lang='lat'>16—17;21-343,</span> <span class='ocrx_word' id='word_1_218' title='bbox 837 3093 849 3148; x_wconf 93' lang='grc'>1</span> <span class='ocrx_word' id='word_1_219' title='bbox 871 3118 905 3139; x_wconf 94' lang='lat'><strong><em>=</em></strong></span> <span class='ocrx_word' id='word_1_220' title='bbox 924 3111 951 3163; x_wconf 92' lang='lat' dir='ltr'>p.</span> <span class='ocrx_word' id='word_1_221' title='bbox 972 3093 1033 3154; x_wconf 87' lang='grc'>291,</span> <span class='ocrx_word' id='word_1_222' title='bbox 1054 3093 1142 3146; x_wconf 81' lang='grc'>7-16</span> <span class='ocrx_word' id='word_1_223' title='bbox 1217 3093 1249 3147; x_wconf 93' lang='grc'>11</span> <span class='ocrx_word' id='word_1_224' title='bbox 1270 3089 1368 3148; x_wconf 74' lang='lat' dir='ltr'>Matri.</span> <span class='ocrx_word' id='word_1_225' title='bbox 1385 3091 1407 3144; x_wconf 77' lang='lat' dir='ltr'>d.</span> 
     </span>
     <span class='ocr_line' id='line_1_26' title="bbox 260 3185 583 3251; baseline -0.006 -11"><span class='ocrx_word' id='word_1_226' title='bbox 260 3186 332 3240; x_wconf 82' lang='lat'>3-4</span> <span class='ocrx_word' id='word_1_227' title='bbox 389 3188 421 3240; x_wconf 84' lang='lat'>15</span> <span class='ocrx_word' id='word_1_228' title='bbox 441 3185 501 3240; x_wconf 85' lang='lat' dir='ltr'>Gal.</span> <span class='ocrx_word' id='word_1_229' title='bbox 522 3188 548 3251; x_wconf 88' lang='lat'>5,</span> <span class='ocrx_word' id='word_1_230' title='bbox 567 3187 583 3238; x_wconf 87' lang='grc'><strong>6</strong></span> 
     </span>
    </p>
   </div>
   <div class='ocr_carea' id='block_1_5' title="bbox 255 3281 1411 4322">
    <p class='ocr_par' dir='ltr' id='par_1_7' title="bbox 295 3281 1408 3449">
     <span class='ocr_line' id='line_1_27' title="bbox 297 3281 1408 3358; baseline -0.005 -13"><span class='ocrx_word' id='word_1_231' title='bbox 297 3292 435 3358; x_wconf 92' lang='lat' dir='ltr'>loculos,</span> <span class='ocrx_word' id='word_1_232' title='bbox 453 3296 523 3344; x_wconf 89' lang='lat' dir='ltr'>m.1</span> <span class='ocrx_word' id='word_1_233' title='bbox 540 3307 609 3344; x_wconf 83' lang='lat' dir='ltr'>corr.</span> <span class='ocrx_word' id='word_1_234' title='bbox 629 3289 764 3344; x_wconf 83' lang='lat' dir='ltr'>oculisT</span> <span class='ocrx_word' id='word_1_235' title='bbox 834 3289 915 3343; x_wconf 77' lang='lat' dir='ltr'>snio</span> <span class='ocrx_word' id='word_1_236' title='bbox 933 3289 964 3342; x_wconf 84' lang='lat' dir='ltr'><strong><em>F</em></strong></span> <span class='ocrx_word' id='word_1_237' title='bbox 1048 3287 1132 3342; x_wconf 85' lang='lat' dir='ltr'>etiarn</span> <span class='ocrx_word' id='word_1_238' title='bbox 1152 3285 1225 3356; x_wconf 90' lang='lat' dir='ltr'>quod</span> <span class='ocrx_word' id='word_1_239' title='bbox 1244 3283 1342 3341; x_wconf 80' lang='lat' dir='ltr'><em>P²TV</em></span> <span class='ocrx_word' id='word_1_240' title='bbox 1355 3281 1408 3340; x_wconf 74' lang='lat' dir='ltr'>odd.</span> 
     </span>
     <span class='ocr_line' id='line_1_28' title="bbox 295 3373 1408 3449; baseline -0.004 -16"><span class='ocrx_word' id='word_1_241' title='bbox 295 3381 473 3449; x_wconf 87' lang='lat' dir='ltr'>memoratus]</span> <span class='ocrx_word' id='word_1_242' title='bbox 493 3381 660 3433; x_wconf 78' lang='lat' dir='ltr'>memoratus</span> <span class='ocrx_word' id='word_1_243' title='bbox 679 3385 693 3432; x_wconf 78' lang='lat' dir='ltr'>e</span> <span class='ocrx_word' id='word_1_244' title='bbox 713 3380 741 3432; x_wconf 98' lang='lat' dir='ltr'><strong><em>A</em></strong></span> <span class='ocrx_word' id='word_1_245' title='bbox 799 3380 817 3433; x_wconf 81' lang='lat'>4</span> <span class='ocrx_word' id='word_1_246' title='bbox 837 3377 905 3432; x_wconf 84' lang='lat' dir='ltr'>dixit</span> <span class='ocrx_word' id='word_1_247' title='bbox 924 3395 974 3432; x_wconf 88' lang='lat' dir='ltr'>om.</span> <span class='ocrx_word' id='word_1_248' title='bbox 994 3375 1061 3432; x_wconf 73' lang='grc' dir='ltr'>ΒΡι</span> <span class='ocrx_word' id='word_1_249' title='bbox 1078 3379 1124 3444; x_wconf 84' lang='lat' dir='ltr'>(m.</span> <span class='ocrx_word' id='word_1_250' title='bbox 1145 3377 1213 3430; x_wconf 77' lang='lat' dir='ltr'>2r&#39;u</span> <span class='ocrx_word' id='word_1_251' title='bbox 1232 3393 1319 3446; x_wconf 74' lang='lat' dir='ltr'>mcrp.</span> <span class='ocrx_word' id='word_1_252' title='bbox 1339 3373 1408 3436; x_wconf 87' lang='lat' dir='ltr'>odd.)</span> 
     </span>
    </p>

    <p class='ocr_par' dir='ltr' id='par_1_8' title="bbox 255 3463 1411 4155">
     <span class='ocr_line' id='line_1_29' title="bbox 297 3463 1410 3538; baseline -0.005 -16"><span class='ocrx_word' id='word_1_253' title='bbox 297 3468 366 3538; x_wconf 88' lang='lat' dir='ltr'>esse]</span> <span class='ocrx_word' id='word_1_254' title='bbox 386 3472 429 3522; x_wconf 86' lang='lat' dir='ltr'>est</span> <span class='ocrx_word' id='word_1_255' title='bbox 451 3467 478 3520; x_wconf 88' lang='lat' dir='ltr'><strong><em>V</em></strong></span> <span class='ocrx_word' id='word_1_256' title='bbox 547 3467 640 3521; x_wconf 90' lang='lat' dir='ltr'>uidere</span> <span class='ocrx_word' id='word_1_257' title='bbox 661 3467 739 3521; x_wconf 88' lang='lat' dir='ltr'>deum</span> <span class='ocrx_word' id='word_1_258' title='bbox 759 3467 819 3522; x_wconf 83' lang='lat' dir='ltr'>cdd.</span> <span class='ocrx_word' id='word_1_259' title='bbox 894 3466 981 3520; x_wconf 91' lang='lat' dir='ltr'>uideri</span> <span class='ocrx_word' id='word_1_260' title='bbox 1000 3467 1028 3520; x_wconf 89' lang='lat' dir='ltr'><strong><em>A</em></strong></span> <span class='ocrx_word' id='word_1_261' title='bbox 1081 3466 1152 3522; x_wconf 73' lang='lat' dir='ltr'>eiu</span> <span class='ocrx_word' id='word_1_262' title='bbox 1166 3464 1266 3533; x_wconf 82' lang='lat' dir='ltr'>sirm</span> <span class='ocrx_word' id='word_1_263' title='bbox 1338 3463 1410 3519; x_wconf 82' lang='lat' dir='ltr'>corde</span> 
     </span>
     <span class='ocr_line' id='line_1_30' title="bbox 259 3549 1410 3624; baseline -0.005 -14"><span class='ocrx_word' id='word_1_264' title='bbox 259 3557 316 3611; x_wconf 87' lang='lat' dir='ltr'>siut</span> <span class='ocrx_word' id='word_1_265' title='bbox 333 3560 364 3610; x_wconf 88' lang='lat' dir='ltr'>m&#39;</span> <span class='ocrx_word' id='word_1_266' title='bbox 379 3556 460 3611; x_wconf 88' lang='lat' dir='ltr'>corde</span> <span class='ocrx_word' id='word_1_267' title='bbox 479 3563 545 3610; x_wconf 87' lang='lat' dir='ltr'>sunt</span> <span class='ocrx_word' id='word_1_268' title='bbox 563 3563 622 3613; x_wconf 84' lang='lat' dir='ltr'>cett.</span> <span class='ocrx_word' id='word_1_269' title='bbox 642 3557 718 3623; x_wconf 85' lang='lat' dir='ltr'>edd.,·</span> <span class='ocrx_word' id='word_1_270' title='bbox 736 3557 772 3624; x_wconf 79' lang='lat' dir='ltr'>cf,</span> <span class='ocrx_word' id='word_1_271' title='bbox 787 3573 817 3624; x_wconf 80' lang='lat' dir='ltr'>p.</span> <span class='ocrx_word' id='word_1_272' title='bbox 838 3559 901 3624; x_wconf 84' lang='lat'>291,</span> <span class='ocrx_word' id='word_1_273' title='bbox 921 3557 941 3607; x_wconf 82' lang='lat'><strong><em>8</em></strong></span> <span class='ocrx_word' id='word_1_274' title='bbox 1073 3557 1102 3609; x_wconf 88' lang='lat' dir='ltr'>et</span> <span class='ocrx_word' id='word_1_275' title='bbox 1120 3553 1301 3610; x_wconf 84' lang='lat' dir='ltr'>ideo-corde</span> <span class='ocrx_word' id='word_1_276' title='bbox 1320 3549 1410 3608; x_wconf 76' lang='lat' dir='ltr'>omli</span> 
     </span>
     <span class='ocr_line' id='line_1_31' title="bbox 259 3637 1409 3714; baseline -0.004 -15"><span class='ocrx_word' id='word_1_277' title='bbox 259 3646 277 3700; x_wconf 82' lang='lat'>6</span> <span class='ocrx_word' id='word_1_278' title='bbox 301 3647 429 3714; x_wconf 87' lang='lat' dir='ltr'>quoniam</span> <span class='ocrx_word' id='word_1_279' title='bbox 452 3644 544 3699; x_wconf 85' lang='lat' dir='ltr'><em>PP¹V</em></span> <span class='ocrx_word' id='word_1_280' title='bbox 568 3645 629 3699; x_wconf 82' lang='lat' dir='ltr'>edd.</span> <span class='ocrx_word' id='word_1_281' title='bbox 652 3662 703 3699; x_wconf 82' lang='lat' dir='ltr'>sec.</span> <span class='ocrx_word' id='word_1_282' title='bbox 727 3644 823 3714; x_wconf 79' lang='lat' dir='ltr'>Vulp.,·</span> <span class='ocrx_word' id='word_1_283' title='bbox 847 3645 882 3711; x_wconf 86' lang='lat' dir='ltr'>cs.</span> <span class='ocrx_word' id='word_1_284' title='bbox 901 3660 932 3713; x_wconf 81' lang='lat' dir='ltr'>p.</span> <span class='ocrx_word' id='word_1_285' title='bbox 957 3646 1023 3701; x_wconf 84' lang='lat'><em>291.</em></span> <span class='ocrx_word' id='word_1_286' title='bbox 1045 3645 1063 3695; x_wconf 83' lang='lat'><strong><em>9</em></strong></span> <span class='ocrx_word' id='word_1_287' title='bbox 1198 3643 1274 3696; x_wconf 81' lang='lat' dir='ltr'>&#39;leis</span> <span class='ocrx_word' id='word_1_288' title='bbox 1294 3637 1409 3707; x_wconf 79' lang='lat' dir='ltr'>uidendi]</span> 
     </span>
     <span class='ocr_line' id='line_1_32' title="bbox 255 3725 1411 3803; baseline -0.006 -16"><span class='ocrx_word' id='word_1_289' title='bbox 255 3750 286 3803; x_wconf 79' lang='lat' dir='ltr'>p.</span> <span class='ocrx_word' id='word_1_290' title='bbox 305 3735 369 3802; x_wconf 77' lang='lat'>291,</span> <span class='ocrx_word' id='word_1_291' title='bbox 389 3737 427 3787; x_wconf 90' lang='lat'>10</span> <span class='ocrx_word' id='word_1_292' title='bbox 445 3731 556 3788; x_wconf 89' lang='lat' dir='ltr'>uidendi</span> <span class='ocrx_word' id='word_1_293' title='bbox 575 3733 619 3787; x_wconf 86' lang='lat' dir='ltr'>his</span> <span class='ocrx_word' id='word_1_294' title='bbox 699 3732 868 3802; x_wconf 83' lang='lat' dir='ltr'>8prnieerat</span> <span class='ocrx_word' id='word_1_295' title='bbox 890 3731 917 3784; x_wconf 87' lang='lat' dir='ltr'><em>V</em></span> <span class='ocrx_word' id='word_1_296' title='bbox 1022 3731 1062 3784; x_wconf 90' lang='lat' dir='ltr'>hii</span> <span class='ocrx_word' id='word_1_297' title='bbox 1080 3729 1259 3797; x_wconf 81' lang='lat' dir='ltr'>Piiflrm</span> <span class='ocrx_word' id='word_1_298' title='bbox 1336 3725 1411 3783; x_wconf 67' lang='lat' dir='ltr'>salii</span> 
     </span>
     <span class='ocr_line' id='line_1_33' title="bbox 259 3818 1410 3892; baseline -0.004 -16"><span class='ocrx_word' id='word_1_299' title='bbox 259 3822 340 3877; x_wconf 88' lang='lat' dir='ltr'>deum</span> <span class='ocrx_word' id='word_1_300' title='bbox 359 3839 414 3876; x_wconf 86' lang='lat' dir='ltr'>non</span> <span class='ocrx_word' id='word_1_301' title='bbox 433 3821 502 3875; x_wconf 69' lang='grc' dir='ltr'>ΡΨ</span> <span class='ocrx_word' id='word_1_302' title='bbox 611 3823 642 3876; x_wconf 91' lang='grc'>11</span> <span class='ocrx_word' id='word_1_303' title='bbox 668 3838 801 3892; x_wconf 78' lang='lat' dir='ltr'>pauperes</span> <span class='ocrx_word' id='word_1_304' title='bbox 824 3819 900 3874; x_wconf 85' lang='lat' dir='ltr'>boeti</span> <span class='ocrx_word' id='word_1_305' title='bbox 923 3819 955 3875; x_wconf 78' lang='lat' dir='ltr'>ior</span> <span class='ocrx_word' id='word_1_306' title='bbox 969 3821 1030 3890; x_wconf 78' lang='lat' dir='ltr'>fine</span> <span class='ocrx_word' id='word_1_307' title='bbox 1047 3837 1074 3876; x_wconf 75' lang='lat' dir='ltr'>u.</span> <span class='ocrx_word' id='word_1_308' title='bbox 1094 3835 1146 3874; x_wconf 70' lang='lat' dir='ltr'>oon</span> <span class='ocrx_word' id='word_1_309' title='bbox 1164 3818 1193 3874; x_wconf 88' lang='lat' dir='ltr'><em>R</em></span> <span class='ocrx_word' id='word_1_310' title='bbox 1215 3835 1348 3890; x_wconf 75' lang='lat' dir='ltr'>pauperes</span> <span class='ocrx_word' id='word_1_311' title='bbox 1364 3823 1410 3886; x_wconf 75' lang='lat' dir='ltr'>spi</span> 
     </span>
     <span class='ocr_line' id='line_1_34' title="bbox 257 3907 1408 3984; baseline -0.009 -19"><span class='ocrx_word' id='word_1_312' title='bbox 257 3911 335 3966; x_wconf 84' lang='lat' dir='ltr'>beuti</span> <span class='ocrx_word' id='word_1_313' title='bbox 353 3912 381 3965; x_wconf 90' lang='lat' dir='ltr'><strong><em>P</em></strong></span> <span class='ocrx_word' id='word_1_314' title='bbox 451 3915 480 3964; x_wconf 86' lang='lat' dir='ltr'>et</span> <span class='ocrx_word' id='word_1_315' title='bbox 498 3915 589 3966; x_wconf 81' lang='lat' dir='ltr'>cetera</span> <span class='ocrx_word' id='word_1_316' title='bbox 607 3929 659 3965; x_wconf 89' lang='lat' dir='ltr'>om.</span> <span class='ocrx_word' id='word_1_317' title='bbox 678 3928 705 3964; x_wconf 85' lang='lat' dir='ltr'>m</span> <span class='ocrx_word' id='word_1_318' title='bbox 762 3909 795 3963; x_wconf 79' lang='lat'>14</span> <span class='ocrx_word' id='word_1_319' title='bbox 816 3909 883 3984; x_wconf 60' lang='lat' dir='ltr'>§V</span> <span class='ocrx_word' id='word_1_320' title='bbox 949 3911 1023 3980; x_wconf 86' lang='lat' dir='ltr'>qula]</span> <span class='ocrx_word' id='word_1_321' title='bbox 1045 3907 1092 3978; x_wconf 88' lang='lat' dir='ltr'>qui</span> <span class='ocrx_word' id='word_1_322' title='bbox 1110 3911 1138 3963; x_wconf 87' lang='lat' dir='ltr'><strong><em>A</em></strong></span> <span class='ocrx_word' id='word_1_323' title='bbox 1206 3910 1311 3978; x_wconf 77' lang='lat' dir='ltr'>ueram]</span> <span class='ocrx_word' id='word_1_324' title='bbox 1331 3921 1408 3961; x_wconf 79' lang='lat' dir='ltr'>merra</span> 
     </span>
     <span class='ocr_line' id='line_1_35' title="bbox 259 3991 1406 4070; baseline -0.008 -16"><span class='ocrx_word' id='word_1_325' title='bbox 259 4003 342 4070; x_wconf 80' lang='lat' dir='ltr'>(exp.)</span> <span class='ocrx_word' id='word_1_326' title='bbox 362 3999 503 4054; x_wconf 82' lang='lat' dir='ltr'>uersmV</span> <span class='ocrx_word' id='word_1_327' title='bbox 602 4000 635 4053; x_wconf 91' lang='grc'>16</span> <span class='ocrx_word' id='word_1_328' title='bbox 654 3997 749 4054; x_wconf 79' lang='lat' dir='ltr'>idoT</span> <span class='ocrx_word' id='word_1_329' title='bbox 831 3999 863 4054; x_wconf 85' lang='grc'>17</span> <span class='ocrx_word' id='word_1_330' title='bbox 884 4006 942 4053; x_wconf 81' lang='lat' dir='ltr'>orus</span> <span class='ocrx_word' id='word_1_331' title='bbox 961 3999 1061 4069; x_wconf 91' lang='lat' dir='ltr'>impius</span> <span class='ocrx_word' id='word_1_332' title='bbox 1079 3998 1108 4051; x_wconf 86' lang='lat' dir='ltr'><strong><em>A</em></strong></span> <span class='ocrx_word' id='word_1_333' title='bbox 1125 3996 1224 4068; x_wconf 88' lang='lat' dir='ltr'>impios</span> <span class='ocrx_word' id='word_1_334' title='bbox 1245 4013 1337 4052; x_wconf 83' lang='lat' dir='ltr'>omnes</span> <span class='ocrx_word' id='word_1_335' title='bbox 1353 3991 1406 4049; x_wconf 75' lang='lat' dir='ltr'>edd.</span> 
     </span>
     <span class='ocr_line' id='line_1_36' title="bbox 262 4079 1405 4155; baseline -0.007 -11"><span class='ocrx_word' id='word_1_336' title='bbox 262 4091 294 4144; x_wconf 89' lang='lat'>18</span> <span class='ocrx_word' id='word_1_337' title='bbox 313 4089 408 4144; x_wconf 84' lang='lat' dir='ltr'>nidere</span> <span class='ocrx_word' id='word_1_338' title='bbox 427 4089 507 4143; x_wconf 82' lang='lat' dir='ltr'>deum</span> <span class='ocrx_word' id='word_1_339' title='bbox 526 4086 645 4148; x_wconf 67' lang='lat' dir='ltr'>P1eod.</span> <span class='ocrx_word' id='word_1_340' title='bbox 701 4093 734 4142; x_wconf 90' lang='lat' dir='ltr'>ut</span> <span class='ocrx_word' id='word_1_341' title='bbox 750 4088 904 4142; x_wconf 88' lang='lat' dir='ltr'>ostenderit</span> <span class='ocrx_word' id='word_1_342' title='bbox 921 4087 953 4143; x_wconf 78' lang='lat' dir='ltr'>F</span> <span class='ocrx_word' id='word_1_343' title='bbox 969 4085 1091 4142; x_wconf 83' lang='lat' dir='ltr'>ostendit</span> <span class='ocrx_word' id='word_1_344' title='bbox 1108 4087 1170 4155; x_wconf 84' lang='lat' dir='ltr'>(cm.</span> <span class='ocrx_word' id='word_1_345' title='bbox 1191 4089 1233 4154; x_wconf 88' lang='lat' dir='ltr'>nt)</span> <span class='ocrx_word' id='word_1_346' title='bbox 1251 4085 1279 4140; x_wconf 93' lang='lat' dir='ltr'><strong><em>A</em></strong></span> <span class='ocrx_word' id='word_1_347' title='bbox 1331 4085 1362 4152; x_wconf 88' lang='lat' dir='ltr'>qi</span> <span class='ocrx_word' id='word_1_348' title='bbox 1373 4079 1405 4132; x_wconf 79' lang='grc' dir='ltr'>ΡΙ</span> 
     </span>
    </p>

    <p class='ocr_par' dir='ltr' id='par_1_9' title="bbox 259 4168 1403 4322">
     <span class='ocr_line' id='line_1_37' title="bbox 296 4168 1403 4249; baseline -0.009 -17"><span class='ocrx_word' id='word_1_349' title='bbox 296 4195 350 4247; x_wconf 83' lang='lat' dir='ltr'>qne</span> <span class='ocrx_word' id='word_1_350' title='bbox 368 4195 397 4233; x_wconf 85' lang='lat' dir='ltr'>re</span> <span class='ocrx_word' id='word_1_351' title='bbox 416 4177 525 4249; x_wconf 80' lang='lat' dir='ltr'>dixerit]</span> <span class='ocrx_word' id='word_1_352' title='bbox 546 4178 592 4248; x_wconf 89' lang='lat' dir='ltr'>qui</span> <span class='ocrx_word' id='word_1_353' title='bbox 612 4177 750 4232; x_wconf 84' lang='lat' dir='ltr'>reduxerit</span> <span class='ocrx_word' id='word_1_354' title='bbox 766 4177 798 4232; x_wconf 87' lang='lat' dir='ltr'><em>F</em></span> <span class='ocrx_word' id='word_1_355' title='bbox 852 4177 885 4231; x_wconf 84' lang='grc'>19</span> <span class='ocrx_word' id='word_1_356' title='bbox 904 4175 1024 4232; x_wconf 85' lang='lat' dir='ltr'>uoluerit</span> <span class='ocrx_word' id='word_1_357' title='bbox 1042 4175 1070 4230; x_wconf 90' lang='lat' dir='ltr'><strong><em>A</em></strong></span> <span class='ocrx_word' id='word_1_358' title='bbox 1128 4175 1165 4231; x_wconf 83' lang='lat'>20</span> <span class='ocrx_word' id='word_1_359' title='bbox 1183 4175 1250 4246; x_wconf 86' lang='lat' dir='ltr'>quo]</span> <span class='ocrx_word' id='word_1_360' title='bbox 1270 4171 1340 4244; x_wconf 88' lang='lat' dir='ltr'>quod</span> <span class='ocrx_word' id='word_1_361' title='bbox 1355 4168 1403 4224; x_wconf 84' lang='lat' dir='ltr'>FA</span> 
     </span>
     <span class='ocr_line' id='line_1_38' title="bbox 259 4264 893 4322; baseline 0 -3"><span class='ocrx_word' id='word_1_362' title='bbox 259 4265 292 4319; x_wconf 79' lang='lat'>21</span> <span class='ocrx_word' id='word_1_363' title='bbox 312 4266 405 4320; x_wconf 83' lang='lat' dir='ltr'>nidere</span> <span class='ocrx_word' id='word_1_364' title='bbox 424 4265 456 4320; x_wconf 83' lang='lat' dir='ltr'><em>F</em></span> <span class='ocrx_word' id='word_1_365' title='bbox 506 4268 540 4320; x_wconf 74' lang='lat'>22</span> <span class='ocrx_word' id='word_1_366' title='bbox 561 4266 640 4322; x_wconf 86' lang='lat' dir='ltr'>corde</span> <span class='ocrx_word' id='word_1_367' title='bbox 660 4265 760 4320; x_wconf 89' lang='lat' dir='ltr'>mundo</span> <span class='ocrx_word' id='word_1_368' title='bbox 779 4264 893 4320; x_wconf 80' lang='lat' dir='ltr'><strong><em>FAPT</em></strong></span> 
     </span>
    </p>
   </div>
   <div class='ocr_carea' id='block_1_6' title="bbox 0 0 1550 4949">
    <p class='ocr_par' dir='ltr' id='par_1_10' title="bbox 0 0 1550 4949">
     <span class='ocr_line' id='line_1_39' title="bbox 0 0 1550 4949; baseline 0 0"><span class='ocrx_word' id='word_1_369' title='bbox 0 0 1550 4949; x_wconf 95' lang='lat' dir='ltr'> </span> 
     </span>
    </p>
   </div>
  </div>
 </body>
</html>
