3092 4959
523 361 788 431 epistularum
819 360 934 417 CLXIV.
1233 368 1297 431 527

143 558 176 619 et
203 555 241 620 de
269 555 343 620 istis
370 558 496 619 tantum
525 556 649 622 duobus
678 555 799 622 dietum
836 556 935 621 inisse
969 556 1017 621 illi
1051 557 1159 623 diuiti:
1193 558 1300 624 Inter

143 680 209 726 nos
238 663 275 725 et
303 680 371 725 uos
406 662 521 725 ehaos
554 680 727 746 magnum
761 662 955 727 firmatum
980 666 1049 740 est,
1083 668 1122 728 ut
1152 665 1200 743 hi,
1234 666 1299 748 qui

141 769 289 846 uolunt,
319 766 407 832 hine
434 768 599 833 transire
628 768 763 833 aduos
788 770 1037 853 nonpossint
1065 791 1183 855 neque
1212 772 1299 837 inde

142 874 214 939 hue
238 878 481 951 transmeare,
506 875 613 940 neseio
637 879 746 940 utrum
771 876 941 958 quisquam
961 878 1014 953 sit,
1040 878 1092 943 eui
1111 898 1171 943 non
1193 878 1298 945 uidea-

110 1007 122 1045 ε
143 985 197 1044 tur
215 980 397 1046 absurdum.
417 1001 509 1063 porro
530 983 558 1046 si
578 982 686 1064 plures
706 1002 802 1065 quam
822 983 884 1048 duo
905 984 950 1047 ibi
970 988 1069 1063 erant,
1091 984 1162 1069 quis
1182 985 1300 1050 audeat

142 1087 247 1151 dicere
284 1107 347 1152 non
384 1087 430 1153 ibi
465 1088 568 1153 fuisse
600 1088 796 1172 patriarchas
831 1092 863 1155 et
894 1090 1078 1173 prophetas,
1117 1092 1233 1173 quibus
1266 1092 1298 1156 in

143 1194 303 1277 scriptura
333 1194 384 1259 dei
415 1195 559 1259 iustitiae
591 1196 787 1279 pietatisque
819 1203 885 1261 tam
918 1197 1044 1282 insigne
1078 1198 1297 1264 testimonium

141 1302 347 1383 perhibetur?
385 1301 462 1385 quid
498 1302 549 1366 his
587 1321 663 1385 ergo
700 1302 906 1385 praestiterit,
944 1304 998 1385 qui
1036 1305 1161 1370 dolores
1201 1306 1302 1371 soluit

141 1409 267 1483 infemi
290 1408 322 1471 in
347 1407 464 1491 quibus
487 1407 536 1472 illi
560 1428 621 1473 non
646 1410 785 1487 fuerunt,
809 1409 949 1474 nondum
973 1411 1135 1493 intellego,
1160 1430 1299 1493 praeser-

95 1540 123 1579 io
142 1517 202 1580 tim
235 1515 311 1597 quia
341 1534 381 1580 ne
412 1515 501 1597 ipsos
535 1514 662 1597 quidem
696 1516 814 1581 inferos
847 1516 972 1598 uspiam
1006 1515 1234 1598 seripturarum
1268 1516 1299 1581 in

142 1624 226 1686 bono
255 1622 431 1705 appellatos
459 1622 550 1704 potui
582 1623 728 1704 reperire.
763 1624 848 1705 quod
877 1623 903 1687 si
933 1642 1090 1706 nusquam
1118 1622 1151 1687 in
1182 1624 1300 1689 diuinis

143 1728 388 1793 auetoritatibus
416 1729 545 1813 legitur,
574 1748 635 1793 non
665 1729 777 1811 utique
806 1730 894 1794 sinus
924 1730 979 1793 ille
1008 1730 1164 1807 Abrahae,
1193 1730 1226 1794 id
1250 1736 1301 1795 est

144 1838 286 1899 secretae
309 1834 477 1900 euiusdam
501 1835 618 1916 qnietis
643 1836 798 1900 habitatio
818 1838 925 1919 aliqua
944 1856 1016 1918 pars
1037 1836 1209 1901 inferorum
1230 1856 1300 1901 esse

144 1942 300 2006 credenda
328 1948 387 2007 est.
421 1961 614 2025 quamquam
643 1942 674 2006 in
704 1942 753 2005 his
782 1942 862 2025 ipsis
892 1944 973 2007 tanti
1006 1942 1152 2027 magistri
1181 1944 1299 2021 uerbis,

95 2072 123 2113 re
143 2049 201 2113 ubi
220 2050 265 2113 uit
284 2048 400 2114 dixisse
419 2050 593 2114 Abraham:
617 2050 721 2113 Inter
744 2069 810 2114 noa
836 2052 873 2113 et
895 2070 961 2115 uos
987 2050 1101 2115 ehaos
1125 2070 1298 2136 magnum

143 2156 338 2221 firmatum
362 2160 430 2234 est,
460 2156 549 2229 satis,
574 2160 611 2220 ut
634 2157 754 2238 opinor,
784 2160 934 2239 appareat
957 2175 1019 2221 non
1045 2176 1116 2221 esse
1140 2156 1298 2239 quandam

143 2267 267 2345 partem
296 2267 329 2328 et
355 2263 447 2345 quasi
474 2262 653 2327 membrum
681 2263 854 2329 interorum
883 2266 989 2329 tantae
1016 2264 1106 2329 illius
1134 2260 1299 2329 felicitatis

144 2370 262 2434 sinum.
301 2370 398 2434 ehaos
435 2369 518 2434 enim
556 2389 708 2454 magnum
742 2371 819 2453 qnid
853 2374 902 2435 est
934 2370 997 2435 nisi
1029 2370 1157 2453 quidam
1192 2371 1299 2434 hiatus

144 2478 283 2541 multum
309 2496 528 2558 susspirans,
557 2477 639 2540 inter
661 2496 744 2559 quae
767 2497 828 2543 non
853 2480 957 2543 solum
984 2482 1043 2554 est,
1068 2496 1180 2542 nemim
1204 2478 1299 2541 etiam

94 2606 125 2646 ao
145 2583 292 2646 firmatus
316 2586 387 2647 est?
412 2586 605 2665 quapropter
623 2584 650 2647 si
668 2582 699 2647 in
726 2584 818 2649 illurn
837 2583 982 2648 Abrahae
1007 2582 1111 2648 sinum
1137 2582 1299 2648 Christum

145 2692 309 2753 mortuum
328 2689 456 2754 uenisse
475 2693 585 2754 saneta
605 2689 763 2773 scriptura
781 2690 914 2755 dixisset
928 2710 988 2755 non
1004 2690 1164 2755 nominato
1180 2690 1300 2754 inferno

145 2796 278 2878 eiusque
303 2795 476 2874 doloribus,
500 2796 607 2874 miror,
633 2796 660 2861 si
680 2796 850 2880 quisquam
870 2798 908 2861 ad
932 2798 1049 2862 inferos
1075 2816 1148 2861 eum
1173 2796 1300 2860 deseen-

145 2902 233 2968 disse
257 2902 400 2967 adserere
425 2902 563 2967 auderet.

68 3026 92 3088 3
192 3010 255 3075 Sed
279 3010 354 3093 quia
377 3010 537 3074 euidentia
559 3008 744 3075 testimonia
764 3012 797 3073 et
815 3010 971 3075 infernum
996 3012 1244 3075 eemmemorant
1268 3012 1300 3073 et

92 3140 126 3182 aa
145 3116 283 3194 dolores,
316 3118 403 3181 nulla
432 3136 528 3182 eausa
556 3118 703 3194 obcurrit,
737 3136 794 3181 eur
820 3118 876 3182 illo
907 3116 1052 3182 eradatur
1084 3116 1210 3181 uenisse
1239 3115 1298 3180 sal·

239 3345 251 3396 1
273 3344 337 3397 Luc.
357 3343 398 3410 16,
418 3342 453 3396 26

185 3470 197 3522 1
218 3468 280 3521 istis
300 3470 383 3537 (post.
403 3469 413 3522 i
432 3484 466 3522 aa
483 3484 539 3524 rus.
560 3474 585 3522 et
604 3473 684 3531 cerr.)
705 3468 743 3520 M
803 3468 819 3521 2
840 3484 889 3521 uos
909 3471 937 3521 et
956 3484 1005 3521 uos
1025 3466 1085 3523 edd.
1105 3472 1131 3521 et
1148 3467 1180 3519 in
1196 3468 1297 3535 repeti·

143 3558 222 3611 tione
239 3556 323 3610 baius
342 3557 396 3611 lori
408 3574 439 3626 p.
461 3559 528 3619 622,
548 3560 584 3610 18
603 3558 632 3610 Ρ
738 3556 820 3610 ehaus
839 3556 894 3610 FP
911 3558 956 3625 (m.
977 3560 996 3609 2
1015 3556 1108 3622 chaos)
1129 3558 1156 3609 et
1175 3556 1256 3609 chaos
1278 3554 1302 3609 O

183 3646 324 3699 firmanum
344 3647 371 3698 A
425 3647 445 3699 ii
457 3648 557 3714 firm
608 3646 705 3699 thino
724 3647 755 3700 in
773 3647 936 3713 repetitione
954 3644 1037 3699 butus
1057 3645 1111 3699 toet'
1123 3662 1156 3713 p.
1178 3646 1244 3708 522,
1263 3647 1300 3697 18

143 3750 198 3789 orn.
217 3734 274 3788 PG
336 3738 452 3805 possunt
469 3734 528 3789 AG
546 3738 591 3803 (m.
612 3738 632 3788 2
650 3736 768 3803 possint)
823 3738 841 3787 4
859 3734 930 3787 hune
951 3740 978 3797 (n
998 3734 1070 3802 exp.)
1088 3735 1120 3787 ior
1137 3732 1301 3801 repetitione

143 3824 231 3877 hariae
253 3822 308 3877 loci
322 3839 351 3891 p.
375 3824 441 3883 522,
461 3822 545 3875 reP
635 3824 650 3875 7
675 3822 817 3892 seripturis
840 3822 870 3875 P
891 3824 933 3890 (iri
955 3822 1116 3890 repetitione
1138 3821 1221 3874 huius
1245 3820 1298 3874 loci

139 3932 175 3984 p.
197 3914 263 3976 522,
283 3917 322 3966 18
339 3912 484 3981 scriptura)
548 3912 566 3967 8
585 3912 686 3967 soleres
705 3912 733 3966 A
803 3913 836 3966 10
854 3911 881 3965 in
902 3910 987 3965 bonos
1010 3909 1116 3965 Oloris
1135 3910 1163 3963 in
1183 3908 1254 3963 bono
1274 3908 1303 3963 P

145 4002 181 4056 11
202 4002 225 4055 si
244 4002 394 4070 nusquam]
414 4000 489 4053 sinus
508 4002 555 4070 qui
578 3999 601 4054 0
687 4001 719 4054 15
737 4018 788 4054 uos
807 4005 835 4055 et
853 4018 902 4054 nos
922 4000 948 4053 A
973 3998 1034 4054 edd.
1144 3998 1227 4052 chaus
1245 3996 1302 4051 FP

143 4092 194 4159 (m.
215 4092 235 4142 2
254 4090 346 4157 ebaos)
421 4090 453 4143 16
472 4076 575 4159 est]ee
594 4089 622 4143 P
692 4094 806 4160 apparet
824 4088 860 4143 Μ
933 4090 965 4142 17
985 4086 1086 4142 illisO
1154 4088 1187 4141 18
1207 4086 1298 4155 chaus,

141 4196 183 4233 m.
203 4182 224 4232 2
242 4177 323 4232 chaos
341 4180 369 4232 P
386 4195 495 4234 eausme
512 4178 544 4233 F
618 4176 1072 4243 habitus‚m.1eorr.hiatus0
1134 4176 1167 4231 19
1186 4177 1297 4245 interq;‚

142 4284 183 4323 m.
204 4270 224 4321 2
242 4267 313 4321 iuter
332 4285 401 4338 quae
423 4267 449 4322 G
521 4268 633 4323 uerbum
652 4286 678 4334 s;
698 4269 799 4322 aetiam
817 4267 845 4321 P
897 4268 932 4322 20
950 4267 1086 4321 firmatum
1105 4264 1259 4319 Ofirmitus
1274 4266 1303 4319 P
