<?xml version="1.0" encoding="UTF-8"?>
<!DOCTYPE html PUBLIC "-//W3C//DTD XHTML 1.0 Transitional//EN"
    "http://www.w3.org/TR/xhtml1/DTD/xhtml1-transitional.dtd">
<html xmlns="http://www.w3.org/1999/xhtml" xml:lang="en" lang="en">
 <head>
  <title>
</title>
<meta http-equiv="Content-Type" content="text/html;charset=utf-8" />
  <meta name='ocr-system' content='tesseract 3.04.00' />
  <meta name='ocr-capabilities' content='ocr_page ocr_carea ocr_par ocr_line ocrx_word'/>
</head>
<body>
  <div class='ocr_page' id='page_1' title='image "./corpusscriptoru05wissgoog_0729.png"; bbox 0 0 3092 4959; ppageno 0'>
   <div class='ocr_carea' id='block_1_1' title="bbox 430 354 1305 424">
    <p class='ocr_par' dir='ltr' id='par_1_1' title="bbox 430 354 1305 424">
     <span class='ocr_line' id='line_1_1' title="bbox 430 354 1305 424; baseline 0.006 -16"><span class='ocrx_word' id='word_1_1' title='bbox 430 355 695 424; x_wconf 80' lang='lat' dir='ltr'>epistularum</span> <span class='ocrx_word' id='word_1_2' title='bbox 724 354 865 409; x_wconf 82' lang='lat' dir='ltr'>CLXXlX.</span> <span class='ocrx_word' id='word_1_3' title='bbox 895 355 1021 409; x_wconf 83' lang='lat' dir='ltr'>CLXXX.</span> <span class='ocrx_word' id='word_1_4' title='bbox 1240 360 1305 423; x_wconf 81' lang='grc'>697</span> 
     </span>
    </p>
   </div>
   <div class='ocr_carea' id='block_1_2' title="bbox 58 552 1308 1168">
    <p class='ocr_par' dir='ltr' id='par_1_2' title="bbox 148 552 1308 937">
     <span class='ocr_line' id='line_1_2' title="bbox 149 552 1304 636; baseline 0 -21"><span class='ocrx_word' id='word_1_5' title='bbox 149 553 183 615; x_wconf 94' lang='lat' dir='ltr'>in</span> <span class='ocrx_word' id='word_1_6' title='bbox 211 553 352 633; x_wconf 83' lang='lat' dir='ltr'>peccatis</span> <span class='ocrx_word' id='word_1_7' title='bbox 380 554 443 636; x_wconf 86' lang='lat' dir='ltr'>agi.</span> <span class='ocrx_word' id='word_1_8' title='bbox 477 553 616 617; x_wconf 79' lang='lat' dir='ltr'><strong>fateatur</strong></span> <span class='ocrx_word' id='word_1_9' title='bbox 644 572 731 635; x_wconf 86' lang='lat' dir='ltr'>ergo.</span> <span class='ocrx_word' id='word_1_10' title='bbox 764 552 849 633; x_wconf 90' lang='lat' dir='ltr'>quod</span> <span class='ocrx_word' id='word_1_11' title='bbox 877 552 1059 634; x_wconf 89' lang='lat' dir='ltr'>peccauerit</span> <span class='ocrx_word' id='word_1_12' title='bbox 1085 552 1177 630; x_wconf 81' lang='lat' dir='ltr'>Abel,</span> <span class='ocrx_word' id='word_1_13' title='bbox 1212 553 1304 616; x_wconf 90' lang='lat' dir='ltr'>cuius</span> 
     </span>
     <span class='ocr_line' id='line_1_3' title="bbox 149 658 1304 741; baseline 0 -18"><span class='ocrx_word' id='word_1_14' title='bbox 149 659 254 741; x_wconf 87' lang='lat' dir='ltr'>prima</span> <span class='ocrx_word' id='word_1_15' title='bbox 275 660 344 724; x_wconf 89' lang='lat' dir='ltr'>uita</span> <span class='ocrx_word' id='word_1_16' title='bbox 366 660 428 724; x_wconf 90' lang='lat' dir='ltr'>fuit</span> <span class='ocrx_word' id='word_1_17' title='bbox 450 660 481 723; x_wconf 92' lang='lat' dir='ltr'>in</span> <span class='ocrx_word' id='word_1_18' title='bbox 507 660 648 734; x_wconf 82' lang='lat' dir='ltr'>saeculo,</span> <span class='ocrx_word' id='word_1_19' title='bbox 678 678 773 741; x_wconf 88' lang='lat' dir='ltr'>quam</span> <span class='ocrx_word' id='word_1_20' title='bbox 798 658 916 722; x_wconf 88' lang='lat' dir='ltr'>fatetur</span> <span class='ocrx_word' id='word_1_21' title='bbox 938 679 999 723; x_wconf 93' lang='lat' dir='ltr'>non</span> <span class='ocrx_word' id='word_1_22' title='bbox 1024 677 1128 723; x_wconf 87' lang='lat' dir='ltr'>carere</span> <span class='ocrx_word' id='word_1_23' title='bbox 1152 659 1304 741; x_wconf 88' lang='lat' dir='ltr'>peccatis,</span> 
     </span>
     <span class='ocr_line' id='line_1_4' title="bbox 151 764 1308 848; baseline -0.001 -20"><span class='ocrx_word' id='word_1_24' title='bbox 151 770 185 828; x_wconf 90' lang='lat' dir='ltr'>et</span> <span class='ocrx_word' id='word_1_25' title='bbox 206 766 359 848; x_wconf 76' lang='lat' dir='ltr'>respiciat</span> <span class='ocrx_word' id='word_1_26' title='bbox 385 766 504 830; x_wconf 88' lang='lat' dir='ltr'>librum</span> <span class='ocrx_word' id='word_1_27' title='bbox 532 786 639 841; x_wconf 88' lang='lat' dir='ltr'>suum,</span> <span class='ocrx_word' id='word_1_28' title='bbox 666 767 721 830; x_wconf 92' lang='lat' dir='ltr'>ubi</span> <span class='ocrx_word' id='word_1_29' title='bbox 746 784 819 829; x_wconf 89' lang='lat' dir='ltr'>eum</span> <span class='ocrx_word' id='word_1_30' title='bbox 844 765 960 829; x_wconf 83' lang='lat' dir='ltr'>dixisse</span> <span class='ocrx_word' id='word_1_31' title='bbox 986 769 1120 843; x_wconf 88' lang='lat' dir='ltr'>constat,</span> <span class='ocrx_word' id='word_1_32' title='bbox 1151 764 1236 846; x_wconf 89' lang='lat' dir='ltr'>quod</span> <span class='ocrx_word' id='word_1_33' title='bbox 1261 766 1308 828; x_wconf 88' lang='lat' dir='ltr'>ait</span> 
     </span>
     <span class='ocr_line' id='line_1_5' title="bbox 148 871 774 937; baseline 0.003 -3"><span class='ocrx_word' id='word_1_34' title='bbox 148 873 183 935; x_wconf 90' lang='lat' dir='ltr'>in</span> <span class='ocrx_word' id='word_1_35' title='bbox 206 874 265 935; x_wconf 90' lang='lat' dir='ltr'>hac</span> <span class='ocrx_word' id='word_1_36' title='bbox 290 871 485 937; x_wconf 78' lang='lat' dir='ltr'>defensione:</span> <span class='ocrx_word' id='word_1_37' title='bbox 510 872 591 937; x_wconf 87' lang='lat' dir='ltr'>‘Non</span> <span class='ocrx_word' id='word_1_38' title='bbox 617 873 774 937; x_wconf 84' lang='lat' dir='ltr'>dirimns&#39;.</span> 
     </span>
    </p>

    <p class='ocr_par' dir='ltr' id='par_1_3' title="bbox 58 966 1307 1168">
     <span class='ocr_line' id='line_1_6' title="bbox 58 966 1307 1044; baseline 0.005 -7"><span class='ocrx_word' id='word_1_39' title='bbox 58 966 132 1037; x_wconf 72' lang='lat'>10⁵</span> <span class='ocrx_word' id='word_1_40' title='bbox 199 977 232 1041; x_wconf 90' lang='lat' dir='ltr'>Si</span> <span class='ocrx_word' id='word_1_41' title='bbox 256 983 364 1042; x_wconf 87' lang='lat' dir='ltr'>autem</span> <span class='ocrx_word' id='word_1_42' title='bbox 389 984 420 1044; x_wconf 86' lang='lat' dir='ltr'>et</span> <span class='ocrx_word' id='word_1_43' title='bbox 449 980 532 1042; x_wconf 90' lang='lat' dir='ltr'>hunc</span> <span class='ocrx_word' id='word_1_44' title='bbox 556 981 673 1044; x_wconf 89' lang='lat' dir='ltr'>librum</span> <span class='ocrx_word' id='word_1_45' title='bbox 697 981 751 1043; x_wconf 87' lang='lat' dir='ltr'>uel</span> <span class='ocrx_word' id='word_1_46' title='bbox 775 980 859 1043; x_wconf 89' lang='lat' dir='ltr'>hunc</span> <span class='ocrx_word' id='word_1_47' title='bbox 881 978 912 1042; x_wconf 89' lang='lat' dir='ltr'>in</span> <span class='ocrx_word' id='word_1_48' title='bbox 938 997 975 1043; x_wconf 89' lang='lat' dir='ltr'>co</span> <span class='ocrx_word' id='word_1_49' title='bbox 999 980 1080 1043; x_wconf 89' lang='lat' dir='ltr'>libro</span> <span class='ocrx_word' id='word_1_50' title='bbox 1104 980 1210 1043; x_wconf 87' lang='lat' dir='ltr'>locum</span> <span class='ocrx_word' id='word_1_51' title='bbox 1235 998 1307 1044; x_wconf 87' lang='lat' dir='ltr'>esse</span> 
     </span>
     <span class='ocr_line' id='line_1_7' title="bbox 151 1083 1307 1168; baseline 0.002 -21"><span class='ocrx_word' id='word_1_52' title='bbox 151 1085 320 1167; x_wconf 84' lang='lat' dir='ltr'>negauerit</span> <span class='ocrx_word' id='word_1_53' title='bbox 346 1104 452 1160; x_wconf 90' lang='lat' dir='ltr'>suum,</span> <span class='ocrx_word' id='word_1_54' title='bbox 486 1104 544 1168; x_wconf 84' lang='lat' dir='ltr'>ego</span> <span class='ocrx_word' id='word_1_55' title='bbox 575 1085 702 1165; x_wconf 90' lang='lat' dir='ltr'>quidem</span> <span class='ocrx_word' id='word_1_56' title='bbox 730 1083 862 1149; x_wconf 84' lang='lat' dir='ltr'>idoneos</span> <span class='ocrx_word' id='word_1_57' title='bbox 890 1091 991 1148; x_wconf 88' lang='lat' dir='ltr'>testes</span> <span class='ocrx_word' id='word_1_58' title='bbox 1020 1084 1120 1149; x_wconf 86' lang='lat' dir='ltr'>habeo</span> <span class='ocrx_word' id='word_1_59' title='bbox 1154 1084 1307 1151; x_wconf 90' lang='lat' dir='ltr'>honestos</span> 
     </span>
    </p>
   </div>
   <div class='ocr_carea' id='block_1_3' title="bbox 103 1190 1310 2538">
    <p class='ocr_par' dir='ltr' id='par_1_4' title="bbox 151 1190 1307 1488">
     <span class='ocr_line' id='line_1_8' title="bbox 152 1190 1307 1273; baseline 0.001 -18"><span class='ocrx_word' id='word_1_60' title='bbox 152 1198 187 1255; x_wconf 87' lang='lat' dir='ltr'>et</span> <span class='ocrx_word' id='word_1_61' title='bbox 206 1192 315 1255; x_wconf 87' lang='lat' dir='ltr'>fideles</span> <span class='ocrx_word' id='word_1_62' title='bbox 334 1192 422 1257; x_wconf 91' lang='lat' dir='ltr'>uiros</span> <span class='ocrx_word' id='word_1_63' title='bbox 442 1196 474 1255; x_wconf 88' lang='lat' dir='ltr'>ot</span> <span class='ocrx_word' id='word_1_64' title='bbox 493 1193 562 1256; x_wconf 92' lang='lat' dir='ltr'>eius</span> <span class='ocrx_word' id='word_1_65' title='bbox 586 1192 655 1255; x_wconf 90' lang='lat' dir='ltr'>sine</span> <span class='ocrx_word' id='word_1_66' title='bbox 679 1191 776 1255; x_wconf 87' lang='lat' dir='ltr'>dnbio</span> <span class='ocrx_word' id='word_1_67' title='bbox 802 1191 981 1269; x_wconf 79' lang='lat' dir='ltr'>dilectores,</span> <span class='ocrx_word' id='word_1_68' title='bbox 1006 1191 1122 1273; x_wconf 90' lang='lat' dir='ltr'>quibus</span> <span class='ocrx_word' id='word_1_69' title='bbox 1147 1190 1307 1256; x_wconf 88' lang='lat' dir='ltr'>adtestan-</span> 
     </span>
     <span class='ocr_line' id='line_1_9' title="bbox 151 1298 1305 1381; baseline 0.002 -20"><span class='ocrx_word' id='word_1_70' title='bbox 151 1299 241 1362; x_wconf 86' lang='lat' dir='ltr'>tibus</span> <span class='ocrx_word' id='word_1_71' title='bbox 268 1317 405 1381; x_wconf 85' lang='lat' dir='ltr'>purgare</span> <span class='ocrx_word' id='word_1_72' title='bbox 437 1318 488 1362; x_wconf 92' lang='lat' dir='ltr'>me</span> <span class='ocrx_word' id='word_1_73' title='bbox 520 1318 662 1380; x_wconf 90' lang='lat' dir='ltr'>possam,</span> <span class='ocrx_word' id='word_1_74' title='bbox 695 1298 780 1379; x_wconf 90' lang='lat' dir='ltr'>qnod</span> <span class='ocrx_word' id='word_1_75' title='bbox 814 1298 947 1363; x_wconf 88' lang='lat' dir='ltr'>eundem</span> <span class='ocrx_word' id='word_1_76' title='bbox 983 1298 1098 1361; x_wconf 90' lang='lat' dir='ltr'>librum</span> <span class='ocrx_word' id='word_1_77' title='bbox 1130 1298 1194 1379; x_wconf 88' lang='lat' dir='ltr'>ipsi</span> <span class='ocrx_word' id='word_1_78' title='bbox 1226 1300 1305 1363; x_wconf 86' lang='lat' dir='ltr'>milri</span> 
     </span>
     <span class='ocr_line' id='line_1_10' title="bbox 153 1404 1307 1488; baseline 0 -19"><span class='ocrx_word' id='word_1_79' title='bbox 153 1404 298 1469; x_wconf 78' lang='lat' dir='ltr'>dederint</span> <span class='ocrx_word' id='word_1_80' title='bbox 325 1411 357 1468; x_wconf 86' lang='lat' dir='ltr'>et</span> <span class='ocrx_word' id='word_1_81' title='bbox 384 1406 429 1469; x_wconf 93' lang='lat' dir='ltr'>ibi</span> <span class='ocrx_word' id='word_1_82' title='bbox 453 1405 515 1470; x_wconf 89' lang='lat' dir='ltr'>hoc</span> <span class='ocrx_word' id='word_1_83' title='bbox 541 1405 668 1488; x_wconf 89' lang='lat' dir='ltr'>legatur</span> <span class='ocrx_word' id='word_1_84' title='bbox 695 1423 834 1486; x_wconf 86' lang='lat' dir='ltr'>eumque</span> <span class='ocrx_word' id='word_1_85' title='bbox 857 1404 980 1487; x_wconf 78' lang='lat' dir='ltr'>Pelagii</span> <span class='ocrx_word' id='word_1_86' title='bbox 1005 1424 1075 1468; x_wconf 88' lang='lat' dir='ltr'>esse</span> <span class='ocrx_word' id='word_1_87' title='bbox 1101 1404 1245 1483; x_wconf 87' lang='lat' dir='ltr'>dixerint,</span> <span class='ocrx_word' id='word_1_88' title='bbox 1270 1412 1307 1470; x_wconf 89' lang='lat' dir='ltr'>ut</span> 
     </span>
    </p>

    <p class='ocr_par' dir='ltr' id='par_1_5' title="bbox 103 1511 1310 2023">
     <span class='ocr_line' id='line_1_11' title="bbox 103 1511 1307 1593; baseline -0.001 -17"><span class='ocrx_word' id='word_1_89' title='bbox 103 1536 134 1576; x_wconf 83' lang='lat' dir='ltr'>ro</span> <span class='ocrx_word' id='word_1_90' title='bbox 152 1511 267 1574; x_wconf 84' lang='lat' dir='ltr'>saltem</span> <span class='ocrx_word' id='word_1_91' title='bbox 293 1511 353 1575; x_wconf 88' lang='lat' dir='ltr'>hoc</span> <span class='ocrx_word' id='word_1_92' title='bbox 372 1512 450 1577; x_wconf 90' lang='lat' dir='ltr'>mihi</span> <span class='ocrx_word' id='word_1_93' title='bbox 471 1512 619 1585; x_wconf 87' lang='lat' dir='ltr'>sufficiat,</span> <span class='ocrx_word' id='word_1_94' title='bbox 644 1532 682 1575; x_wconf 90' lang='lat' dir='ltr'>ne</span> <span class='ocrx_word' id='word_1_95' title='bbox 707 1512 792 1575; x_wconf 89' lang='lat' dir='ltr'>dicat</span> <span class='ocrx_word' id='word_1_96' title='bbox 818 1530 908 1577; x_wconf 90' lang='lat' dir='ltr'>ame</span> <span class='ocrx_word' id='word_1_97' title='bbox 931 1512 1031 1577; x_wconf 87' lang='lat' dir='ltr'>luisse</span> <span class='ocrx_word' id='word_1_98' title='bbox 1056 1512 1124 1576; x_wconf 88' lang='lat' dir='ltr'>sina</span> <span class='ocrx_word' id='word_1_99' title='bbox 1149 1512 1307 1593; x_wconf 87' lang='lat' dir='ltr'>conscrip-</span> 
     </span>
     <span class='ocr_line' id='line_1_12' title="bbox 152 1618 1307 1701; baseline 0.003 -21"><span class='ocrx_word' id='word_1_100' title='bbox 152 1624 224 1681; x_wconf 90' lang='lat' dir='ltr'>tum</span> <span class='ocrx_word' id='word_1_101' title='bbox 249 1618 318 1682; x_wconf 88' lang='lat' dir='ltr'>siue</span> <span class='ocrx_word' id='word_1_102' title='bbox 340 1618 502 1683; x_wconf 86' lang='lat' dir='ltr'>falsatum.</span> <span class='ocrx_word' id='word_1_103' title='bbox 531 1618 594 1683; x_wconf 90' lang='lat' dir='ltr'>iam</span> <span class='ocrx_word' id='word_1_104' title='bbox 620 1619 799 1683; x_wconf 86' lang='lat' dir='ltr'>interillos</span> <span class='ocrx_word' id='word_1_105' title='bbox 824 1618 922 1701; x_wconf 86' lang='lat' dir='ltr'>eligat</span> <span class='ocrx_word' id='word_1_106' title='bbox 946 1618 1090 1700; x_wconf 89' lang='lat' dir='ltr'>quisque,</span> <span class='ocrx_word' id='word_1_107' title='bbox 1115 1618 1167 1682; x_wconf 90' lang='lat' dir='ltr'>cui</span> <span class='ocrx_word' id='word_1_108' title='bbox 1191 1618 1307 1683; x_wconf 87' lang='lat' dir='ltr'>credat.</span> 
     </span>
     <span class='ocr_line' id='line_1_13' title="bbox 152 1725 1309 1808; baseline 0.003 -22"><span class='ocrx_word' id='word_1_109' title='bbox 152 1743 262 1788; x_wconf 87' lang='lat' dir='ltr'>meum</span> <span class='ocrx_word' id='word_1_110' title='bbox 300 1744 360 1789; x_wconf 89' lang='lat' dir='ltr'>non</span> <span class='ocrx_word' id='word_1_111' title='bbox 398 1729 449 1790; x_wconf 90' lang='lat' dir='ltr'>est</span> <span class='ocrx_word' id='word_1_112' title='bbox 480 1726 519 1789; x_wconf 90' lang='lat' dir='ltr'>de</span> <span class='ocrx_word' id='word_1_113' title='bbox 552 1727 610 1790; x_wconf 89' lang='lat' dir='ltr'>hac</span> <span class='ocrx_word' id='word_1_114' title='bbox 642 1744 675 1789; x_wconf 87' lang='lat' dir='ltr'>ro</span> <span class='ocrx_word' id='word_1_115' title='bbox 708 1725 830 1790; x_wconf 88' lang='lat' dir='ltr'>diutius</span> <span class='ocrx_word' id='word_1_116' title='bbox 865 1726 1038 1808; x_wconf 87' lang='lat' dir='ltr'>disputare.</span> <span class='ocrx_word' id='word_1_117' title='bbox 1071 1744 1232 1808; x_wconf 86' lang='lat' dir='ltr'>rogamus,</span> <span class='ocrx_word' id='word_1_118' title='bbox 1269 1728 1309 1789; x_wconf 84' lang='lat' dir='ltr'>ut</span> 
     </span>
     <span class='ocr_line' id='line_1_14' title="bbox 153 1832 1308 1915; baseline 0 -20"><span class='ocrx_word' id='word_1_119' title='bbox 153 1837 239 1895; x_wconf 87' lang='lat' dir='ltr'>carte</span> <span class='ocrx_word' id='word_1_120' title='bbox 266 1832 466 1897; x_wconf 89' lang='lat' dir='ltr'>transmittas</span> <span class='ocrx_word' id='word_1_121' title='bbox 498 1834 520 1911; x_wconf 93' lang='lat'>†</span> <span class='ocrx_word' id='word_1_122' title='bbox 557 1832 629 1908; x_wconf 89' lang='lat' dir='ltr'>sibi,</span> <span class='ocrx_word' id='word_1_123' title='bbox 658 1833 686 1895; x_wconf 92' lang='lat' dir='ltr'>si</span> <span class='ocrx_word' id='word_1_124' title='bbox 714 1832 879 1915; x_wconf 87' lang='lat' dir='ltr'>negauerit</span> <span class='ocrx_word' id='word_1_125' title='bbox 909 1852 942 1895; x_wconf 89' lang='lat' dir='ltr'>ss</span> <span class='ocrx_word' id='word_1_126' title='bbox 969 1834 1031 1897; x_wconf 90' lang='lat' dir='ltr'>ista</span> <span class='ocrx_word' id='word_1_127' title='bbox 1065 1833 1191 1907; x_wconf 83' lang='lat' dir='ltr'>sentiro,</span> <span class='ocrx_word' id='word_1_128' title='bbox 1225 1850 1308 1912; x_wconf 88' lang='lat' dir='ltr'>quae</span> 
     </span>
     <span class='ocr_line' id='line_1_15' title="bbox 153 1937 1310 2023; baseline 0.001 -23"><span class='ocrx_word' id='word_1_129' title='bbox 153 1937 204 2001; x_wconf 94' lang='lat' dir='ltr'>illi</span> <span class='ocrx_word' id='word_1_130' title='bbox 227 1938 409 2003; x_wconf 90' lang='lat' dir='ltr'>obiciuntur</span> <span class='ocrx_word' id='word_1_131' title='bbox 434 1939 565 2003; x_wconf 91' lang='lat' dir='ltr'>inimica</span> <span class='ocrx_word' id='word_1_132' title='bbox 587 1940 707 2023; x_wconf 85' lang='lat' dir='ltr'>gratiae</span> <span class='ocrx_word' id='word_1_133' title='bbox 732 1939 862 2005; x_wconf 78' lang='lat' dir='ltr'>Christi.</span> <span class='ocrx_word' id='word_1_134' title='bbox 890 1943 956 2002; x_wconf 89' lang='lat' dir='ltr'>tam</span> <span class='ocrx_word' id='word_1_135' title='bbox 985 1939 1101 2021; x_wconf 86' lang='lat' dir='ltr'>quippe</span> <span class='ocrx_word' id='word_1_136' title='bbox 1125 1942 1234 2020; x_wconf 87' lang='lat' dir='ltr'>aperta</span> <span class='ocrx_word' id='word_1_137' title='bbox 1258 1942 1310 2003; x_wconf 91' lang='lat' dir='ltr'>est</span> 
     </span>
    </p>

    <p class='ocr_par' dir='ltr' id='par_1_6' title="bbox 105 2044 1307 2538">
     <span class='ocr_line' id='line_1_16' title="bbox 105 2044 1307 2129; baseline -0.002 -19"><span class='ocrx_word' id='word_1_138' title='bbox 105 2068 134 2110; x_wconf 76' lang='lat' dir='ltr'>rs</span> <span class='ocrx_word' id='word_1_139' title='bbox 154 2046 226 2109; x_wconf 89' lang='lat' dir='ltr'>eius</span> <span class='ocrx_word' id='word_1_140' title='bbox 255 2044 405 2123; x_wconf 81' lang='lat' dir='ltr'>defensio,</span> <span class='ocrx_word' id='word_1_141' title='bbox 434 2051 479 2126; x_wconf 85' lang='lat' dir='ltr'>ut,</span> <span class='ocrx_word' id='word_1_142' title='bbox 503 2047 530 2111; x_wconf 92' lang='lat' dir='ltr'>si</span> <span class='ocrx_word' id='word_1_143' title='bbox 554 2054 695 2112; x_wconf 89' lang='lat' dir='ltr'>uestram</span> <span class='ocrx_word' id='word_1_144' title='bbox 728 2049 872 2111; x_wconf 90' lang='lat' dir='ltr'>sanctam</span> <span class='ocrx_word' id='word_1_145' title='bbox 904 2046 1116 2129; x_wconf 86' lang='lat' dir='ltr'>prudentiam,</span> <span class='ocrx_word' id='word_1_146' title='bbox 1149 2046 1204 2127; x_wconf 89' lang='lat' dir='ltr'>qui</span> <span class='ocrx_word' id='word_1_147' title='bbox 1237 2046 1307 2109; x_wconf 86' lang='lat' dir='ltr'>aius</span> 
     </span>
     <span class='ocr_line' id='line_1_17' title="bbox 154 2151 1305 2237; baseline 0.001 -24"><span class='ocrx_word' id='word_1_148' title='bbox 154 2151 219 2215; x_wconf 90' lang='lat' dir='ltr'>alia</span> <span class='ocrx_word' id='word_1_149' title='bbox 242 2154 362 2234; x_wconf 82' lang='lat' dir='ltr'>scripta</span> <span class='ocrx_word' id='word_1_150' title='bbox 384 2172 445 2217; x_wconf 93' lang='lat' dir='ltr'>non</span> <span class='ocrx_word' id='word_1_151' title='bbox 469 2155 582 2231; x_wconf 89' lang='lat' dir='ltr'>nostis,</span> <span class='ocrx_word' id='word_1_152' title='bbox 606 2155 694 2217; x_wconf 90' lang='lat' dir='ltr'>nulla</span> <span class='ocrx_word' id='word_1_153' title='bbox 716 2154 886 2219; x_wconf 88' lang='lat' dir='ltr'>uerborum</span> <span class='ocrx_word' id='word_1_154' title='bbox 913 2152 1122 2237; x_wconf 85' lang='lat' dir='ltr'>ambignitate</span> <span class='ocrx_word' id='word_1_155' title='bbox 1147 2152 1305 2231; x_wconf 80' lang='lat' dir='ltr'>fefellerit,</span> 
     </span>
     <span class='ocr_line' id='line_1_18' title="bbox 154 2260 1307 2343; baseline 0.002 -22"><span class='ocrx_word' id='word_1_156' title='bbox 154 2277 273 2341; x_wconf 87' lang='lat' dir='ltr'>magno</span> <span class='ocrx_word' id='word_1_157' title='bbox 297 2260 414 2343; x_wconf 86' lang='lat' dir='ltr'>gaudio</span> <span class='ocrx_word' id='word_1_158' title='bbox 439 2262 672 2343; x_wconf 82' lang='lat' dir='ltr'>gratulabimur</span> <span class='ocrx_word' id='word_1_159' title='bbox 689 2280 750 2325; x_wconf 92' lang='lat' dir='ltr'>non</span> <span class='ocrx_word' id='word_1_160' title='bbox 770 2261 909 2325; x_wconf 88' lang='lat' dir='ltr'>multum</span> <span class='ocrx_word' id='word_1_161' title='bbox 934 2264 1091 2335; x_wconf 84' lang='lat' dir='ltr'>curantes,</span> <span class='ocrx_word' id='word_1_162' title='bbox 1121 2262 1228 2323; x_wconf 89' lang='lat' dir='ltr'>utrum</span> <span class='ocrx_word' id='word_1_163' title='bbox 1251 2260 1307 2323; x_wconf 87' lang='lat' dir='ltr'>illa</span> 
     </span>
     <span class='ocr_line' id='line_1_19' title="bbox 153 2365 1306 2448; baseline 0 -19"><span class='ocrx_word' id='word_1_164' title='bbox 153 2384 307 2445; x_wconf 84' lang='lat' dir='ltr'>peruersa</span> <span class='ocrx_word' id='word_1_165' title='bbox 335 2371 368 2430; x_wconf 89' lang='lat' dir='ltr'>et</span> <span class='ocrx_word' id='word_1_166' title='bbox 394 2367 493 2448; x_wconf 88' lang='lat' dir='ltr'>impia</span> <span class='ocrx_word' id='word_1_167' title='bbox 520 2387 693 2448; x_wconf 83' lang='lat' dir='ltr'>numquam</span> <span class='ocrx_word' id='word_1_168' title='bbox 721 2368 857 2431; x_wconf 88' lang='lat' dir='ltr'>senserit</span> <span class='ocrx_word' id='word_1_169' title='bbox 881 2387 919 2431; x_wconf 91' lang='lat' dir='ltr'>an</span> <span class='ocrx_word' id='word_1_170' title='bbox 944 2386 978 2431; x_wconf 86' lang='lat' dir='ltr'>se</span> <span class='ocrx_word' id='word_1_171' title='bbox 1003 2368 1040 2430; x_wconf 90' lang='lat' dir='ltr'>ab</span> <span class='ocrx_word' id='word_1_172' title='bbox 1066 2366 1111 2431; x_wconf 89' lang='lat' dir='ltr'>eis</span> <span class='ocrx_word' id='word_1_173' title='bbox 1137 2365 1306 2447; x_wconf 89' lang='lat' dir='ltr'>aliquando</span> 
     </span>
     <span class='ocr_line' id='line_1_20' title="bbox 155 2473 334 2538; baseline 0.022 -4"><span class='ocrx_word' id='word_1_174' title='bbox 155 2473 334 2538; x_wconf 81' lang='lat' dir='ltr'>correxerit.</span> 
     </span>
    </p>
   </div>
   <div class='ocr_carea' id='block_1_4' title="bbox 105 2650 812 2732">
    <p class='ocr_par' dir='ltr' id='par_1_7' title="bbox 105 2650 812 2732">
     <span class='ocr_line' id='line_1_21' title="bbox 105 2650 812 2732; baseline 0 -17"><span class='ocrx_word' id='word_1_175' title='bbox 105 2691 135 2732; x_wconf 71' lang='lat'>,0</span> <span class='ocrx_word' id='word_1_176' title='bbox 660 2650 812 2715; x_wconf 74' lang='lat' dir='ltr'>carra.</span> 
     </span>
    </p>
   </div>
   <div class='ocr_carea' id='block_1_5' title="bbox 155 2787 1309 2934">
    <p class='ocr_par' dir='ltr' id='par_1_8' title="bbox 155 2787 1309 2934">
     <span class='ocr_line' id='line_1_22' title="bbox 155 2787 1309 2845; baseline -0.001 -3"><span class='ocrx_word' id='word_1_177' title='bbox 155 2788 305 2844; x_wconf 83' lang='lat' dir='ltr'>DOMINO</span> <span class='ocrx_word' id='word_1_178' title='bbox 328 2789 466 2844; x_wconf 73' lang='lat' dir='ltr'>alnaldo</span> <span class='ocrx_word' id='word_1_179' title='bbox 491 2790 683 2845; x_wconf 82' lang='lat' dir='ltr'><strong>CARISSIMO</strong></span> <span class='ocrx_word' id='word_1_180' title='bbox 706 2790 753 2844; x_wconf 87' lang='grc' dir='ltr'>ΕΤ</span> <span class='ocrx_word' id='word_1_181' title='bbox 778 2790 818 2845; x_wconf 86' lang='grc' dir='ltr'>ΙΝ</span> <span class='ocrx_word' id='word_1_182' title='bbox 843 2789 986 2845; x_wconf 82' lang='lat' dir='ltr'>CHRISTI</span> <span class='ocrx_word' id='word_1_183' title='bbox 1006 2788 1171 2843; x_wconf 83' lang='lat' dir='ltr'><strong>MEMBRIS</strong></span> <span class='ocrx_word' id='word_1_184' title='bbox 1191 2787 1309 2842; x_wconf 81' lang='lat' dir='ltr'><strong>HOMO-</strong></span> 
     </span>
     <span class='ocr_line' id='line_1_23' title="bbox 287 2877 1179 2934; baseline -0.002 -3"><span class='ocrx_word' id='word_1_185' title='bbox 287 2877 414 2933; x_wconf 80' lang='lat' dir='ltr'><strong>RANDO</strong></span> <span class='ocrx_word' id='word_1_186' title='bbox 434 2879 566 2933; x_wconf 75' lang='lat' dir='ltr'>rimula</span> <span class='ocrx_word' id='word_1_187' title='bbox 586 2878 733 2933; x_wconf 73' lang='lat' dir='ltr'>deltano</span> <span class='ocrx_word' id='word_1_188' title='bbox 752 2878 984 2934; x_wconf 79' lang='lat' dir='ltr'>AUGUSTINUS</span> <span class='ocrx_word' id='word_1_189' title='bbox 1004 2878 1179 2933; x_wconf 77' lang='lat' dir='ltr'><strong>SALUTEM.</strong></span> 
     </span>
    </p>
   </div>
   <div class='ocr_carea' id='block_1_6' title="bbox 83 3000 1312 3408">
    <p class='ocr_par' dir='ltr' id='par_1_9' title="bbox 83 3000 1312 3408">
     <span class='ocr_line' id='line_1_24' title="bbox 83 3000 1309 3088; baseline -0.002 -20"><span class='ocrx_word' id='word_1_190' title='bbox 83 3000 102 3061; x_wconf 90' lang='grc'><strong>1</strong></span> <span class='ocrx_word' id='word_1_191' title='bbox 203 3004 292 3069; x_wconf 88' lang='lat' dir='ltr'>Duas</span> <span class='ocrx_word' id='word_1_192' title='bbox 325 3006 433 3086; x_wconf 87' lang='lat' dir='ltr'>accepi</span> <span class='ocrx_word' id='word_1_193' title='bbox 465 3006 561 3070; x_wconf 88' lang='lat' dir='ltr'>simul</span> <span class='ocrx_word' id='word_1_194' title='bbox 594 3007 749 3088; x_wconf 88' lang='lat' dir='ltr'>epistulas</span> <span class='ocrx_word' id='word_1_195' title='bbox 784 3006 963 3070; x_wconf 85' lang='lat' dir='ltr'>dilectionis</span> <span class='ocrx_word' id='word_1_196' title='bbox 996 3008 1082 3081; x_wconf 86' lang='lat' dir='ltr'>tuae,</span> <span class='ocrx_word' id='word_1_197' title='bbox 1116 3024 1249 3087; x_wconf 91' lang='lat' dir='ltr'>quarum</span> <span class='ocrx_word' id='word_1_198' title='bbox 1277 3004 1309 3066; x_wconf 91' lang='lat' dir='ltr'>in</span> 
     </span>
     <span class='ocr_line' id='line_1_25' title="bbox 156 3111 1310 3193; baseline 0 -18"><span class='ocrx_word' id='word_1_199' title='bbox 156 3130 221 3175; x_wconf 91' lang='lat' dir='ltr'>una</span> <span class='ocrx_word' id='word_1_200' title='bbox 243 3111 322 3175; x_wconf 88' lang='lat' dir='ltr'>facis</span> <span class='ocrx_word' id='word_1_201' title='bbox 345 3112 457 3175; x_wconf 87' lang='lat' dir='ltr'>tertiae</span> <span class='ocrx_word' id='word_1_202' title='bbox 481 3114 671 3176; x_wconf 86' lang='lat' dir='ltr'>mentionem</span> <span class='ocrx_word' id='word_1_203' title='bbox 697 3118 730 3175; x_wconf 89' lang='lat' dir='ltr'>et</span> <span class='ocrx_word' id='word_1_204' title='bbox 752 3132 821 3175; x_wconf 88' lang='lat' dir='ltr'>eam</span> <span class='ocrx_word' id='word_1_205' title='bbox 845 3116 877 3175; x_wconf 87' lang='lat' dir='ltr'>te</span> <span class='ocrx_word' id='word_1_206' title='bbox 905 3113 992 3193; x_wconf 88' lang='lat' dir='ltr'>prius</span> <span class='ocrx_word' id='word_1_207' title='bbox 1022 3112 1149 3175; x_wconf 87' lang='lat' dir='ltr'>misisse</span> <span class='ocrx_word' id='word_1_208' title='bbox 1174 3130 1310 3177; x_wconf 90' lang='lat' dir='ltr'>comme·</span> 
     </span>
     <span class='ocr_line' id='line_1_26' title="bbox 107 3218 1309 3300; baseline -0.002 -16"><span class='ocrx_word' id='word_1_209' title='bbox 107 3244 138 3284; x_wconf 75' lang='lat' dir='ltr'>ss</span> <span class='ocrx_word' id='word_1_210' title='bbox 158 3237 276 3282; x_wconf 88' lang='lat' dir='ltr'>moras.</span> <span class='ocrx_word' id='word_1_211' title='bbox 305 3237 399 3300; x_wconf 92' lang='lat' dir='ltr'>quam</span> <span class='ocrx_word' id='word_1_212' title='bbox 424 3220 586 3300; x_wconf 88' lang='lat' dir='ltr'>accepisse</span> <span class='ocrx_word' id='word_1_213' title='bbox 609 3239 670 3283; x_wconf 91' lang='lat' dir='ltr'>non</span> <span class='ocrx_word' id='word_1_214' title='bbox 699 3221 814 3295; x_wconf 87' lang='lat' dir='ltr'>recolo,</span> <span class='ocrx_word' id='word_1_215' title='bbox 843 3220 941 3284; x_wconf 90' lang='lat' dir='ltr'>immo</span> <span class='ocrx_word' id='word_1_216' title='bbox 965 3219 1046 3283; x_wconf 84' lang='lat' dir='ltr'>bene</span> <span class='ocrx_word' id='word_1_217' title='bbox 1069 3218 1148 3283; x_wconf 92' lang='lat' dir='ltr'>mihi</span> <span class='ocrx_word' id='word_1_218' title='bbox 1171 3220 1309 3284; x_wconf 88' lang='lat' dir='ltr'>recolere</span> 
     </span>
     <span class='ocr_line' id='line_1_27' title="bbox 159 3323 1312 3408; baseline 0.002 -21"><span class='ocrx_word' id='word_1_219' title='bbox 159 3323 281 3400; x_wconf 85' lang='lat' dir='ltr'>uideor,</span> <span class='ocrx_word' id='word_1_220' title='bbox 306 3324 390 3406; x_wconf 90' lang='lat' dir='ltr'>quod</span> <span class='ocrx_word' id='word_1_221' title='bbox 414 3344 475 3388; x_wconf 90' lang='lat' dir='ltr'>non</span> <span class='ocrx_word' id='word_1_222' title='bbox 500 3327 684 3407; x_wconf 84' lang='lat' dir='ltr'>acceperim.</span> <span class='ocrx_word' id='word_1_223' title='bbox 710 3326 749 3389; x_wconf 90' lang='lat' dir='ltr'>de</span> <span class='ocrx_word' id='word_1_224' title='bbox 772 3326 823 3389; x_wconf 80' lang='lat' dir='ltr'>liis</span> <span class='ocrx_word' id='word_1_225' title='bbox 848 3330 964 3401; x_wconf 84' lang='lat' dir='ltr'>tamen,</span> <span class='ocrx_word' id='word_1_226' title='bbox 995 3344 1074 3408; x_wconf 87' lang='lat' dir='ltr'>quas</span> <span class='ocrx_word' id='word_1_227' title='bbox 1103 3325 1221 3406; x_wconf 87' lang='lat' dir='ltr'>accepi,</span> <span class='ocrx_word' id='word_1_228' title='bbox 1251 3344 1312 3407; x_wconf 83' lang='lat' dir='ltr'>ago</span> 
     </span>
    </p>
   </div>
   <div class='ocr_carea' id='block_1_7' title="bbox 159 3514 1312 3675">
    <p class='ocr_par' dir='ltr' id='par_1_10' title="bbox 159 3514 1312 3675">
     <span class='ocr_line' id='line_1_28' title="bbox 196 3514 1312 3584; baseline -0.001 -17"><span class='ocrx_word' id='word_1_229' title='bbox 196 3515 213 3567; x_wconf 82' lang='lat'>2</span> <span class='ocrx_word' id='word_1_230' title='bbox 233 3514 336 3568; x_wconf 86' lang='lat' dir='ltr'>fatetur</span> <span class='ocrx_word' id='word_1_231' title='bbox 353 3532 406 3568; x_wconf 91' lang='lat' dir='ltr'>non</span> <span class='ocrx_word' id='word_1_232' title='bbox 426 3516 458 3567; x_wconf 80' lang='lat' dir='ltr'>ia</span> <span class='ocrx_word' id='word_1_233' title='bbox 475 3534 531 3569; x_wconf 81' lang='lat' dir='ltr'>ran.</span> <span class='ocrx_word' id='word_1_234' title='bbox 556 3516 583 3571; x_wconf 87' lang='lat' dir='ltr'><em>U</em></span> <span class='ocrx_word' id='word_1_235' title='bbox 598 3534 653 3570; x_wconf 91' lang='lat' dir='ltr'>non</span> <span class='ocrx_word' id='word_1_236' title='bbox 670 3520 792 3571; x_wconf 84' lang='lat' dir='ltr'>fateatur</span> <span class='ocrx_word' id='word_1_237' title='bbox 818 3517 843 3569; x_wconf 80' lang='lat' dir='ltr'>l&#39;</span> <span class='ocrx_word' id='word_1_238' title='bbox 858 3517 915 3571; x_wconf 81' lang='lat' dir='ltr'>lar</span> <span class='ocrx_word' id='word_1_239' title='bbox 974 3518 1007 3570; x_wconf 89' lang='lat'>13</span> <span class='ocrx_word' id='word_1_240' title='bbox 1026 3516 1196 3569; x_wconf 85' lang='lat' dir='ltr'>transmittas</span> <span class='ocrx_word' id='word_1_241' title='bbox 1217 3515 1269 3584; x_wconf 90' lang='lat' dir='ltr'>ipsi</span> <span class='ocrx_word' id='word_1_242' title='bbox 1288 3515 1312 3567; x_wconf 91' lang='lat' dir='ltr'>si</span> 
     </span>
     <span class='ocr_line' id='line_1_29' title="bbox 159 3604 983 3675; baseline 0 -18"><span class='ocrx_word' id='word_1_243' title='bbox 159 3620 201 3670; x_wconf 61' lang='grc' dir='ltr'>πη</span> <span class='ocrx_word' id='word_1_244' title='bbox 221 3604 309 3657; x_wconf 69' lang='lat' dir='ltr'>Maura</span> <span class='ocrx_word' id='word_1_245' title='bbox 328 3608 486 3672; x_wconf 72' lang='lat' dir='ltr'>comptam</span> <span class='ocrx_word' id='word_1_246' title='bbox 505 3622 559 3658; x_wconf 78' lang='lat' dir='ltr'>ecoe</span> <span class='ocrx_word' id='word_1_247' title='bbox 577 3604 737 3673; x_wconf 71' lang='lat' dir='ltr'>oiaraficaaa&#39;</span> <span class='ocrx_word' id='word_1_248' title='bbox 795 3607 826 3659; x_wconf 87' lang='grc'>14</span> <span class='ocrx_word' id='word_1_249' title='bbox 846 3610 941 3675; x_wconf 89' lang='lat' dir='ltr'>operta</span> <span class='ocrx_word' id='word_1_250' title='bbox 959 3623 983 3657; x_wconf 84' lang='lat' dir='ltr'>or</span> 
     </span>
    </p>
   </div>
   <div class='ocr_carea' id='block_1_8' title="bbox 435 3778 984 3922">
    <p class='ocr_par' dir='ltr' id='par_1_11' title="bbox 435 3778 984 3922">
     <span class='ocr_line' id='line_1_30' title="bbox 437 3778 983 3835; baseline 0 -5"><span class='ocrx_word' id='word_1_251' title='bbox 437 3779 464 3830; x_wconf 75' lang='lat'>1⁷</span> <span class='ocrx_word' id='word_1_252' title='bbox 486 3804 520 3823; x_wconf 88' lang='lat'><strong><em>=</em></strong></span> <span class='ocrx_word' id='word_1_253' title='bbox 539 3778 597 3835; x_wconf 80' lang='lat' dir='ltr'>cod.</span> <span class='ocrx_word' id='word_1_254' title='bbox 623 3780 778 3833; x_wconf 75' lang='lat' dir='ltr'>Vaticanus</span> <span class='ocrx_word' id='word_1_255' title='bbox 799 3783 857 3832; x_wconf 75' lang='lat'>495</span> <span class='ocrx_word' id='word_1_256' title='bbox 876 3796 897 3832; x_wconf 82' lang='lat' dir='ltr'>s.</span> <span class='ocrx_word' id='word_1_257' title='bbox 917 3780 983 3831; x_wconf 88' lang='lat' dir='ltr'>XV.</span> 
     </span>
     <span class='ocr_line' id='line_1_31' title="bbox 435 3866 984 3922; baseline -0.002 0"><span class='ocrx_word' id='word_1_258' title='bbox 435 3866 462 3922; x_wconf 89' lang='lat' dir='ltr'><em>U</em></span> <span class='ocrx_word' id='word_1_259' title='bbox 487 3892 520 3913; x_wconf 89' lang='lat'><strong><em>=</em></strong></span> <span class='ocrx_word' id='word_1_260' title='bbox 540 3868 598 3921; x_wconf 83' lang='lat' dir='ltr'>cod.</span> <span class='ocrx_word' id='word_1_261' title='bbox 624 3868 780 3922; x_wconf 73' lang='lat' dir='ltr'>Vaticanus</span> <span class='ocrx_word' id='word_1_262' title='bbox 800 3872 859 3922; x_wconf 75' lang='lat'>499</span> <span class='ocrx_word' id='word_1_263' title='bbox 877 3886 898 3922; x_wconf 87' lang='lat' dir='ltr'>a.</span> <span class='ocrx_word' id='word_1_264' title='bbox 918 3868 984 3921; x_wconf 87' lang='lat' dir='ltr'>XV.</span> 
     </span>
    </p>
   </div>
   <div class='ocr_carea' id='block_1_9' title="bbox 156 3990 1313 4151">
    <p class='ocr_par' dir='ltr' id='par_1_12' title="bbox 156 3990 1313 4151">
     <span class='ocr_line' id='line_1_32' title="bbox 251 3990 1313 4060; baseline -0.005 -15"><span class='ocrx_word' id='word_1_265' title='bbox 251 3990 443 4045; x_wconf 76' lang='lat' dir='ltr'>Loaanierssea</span> <span class='ocrx_word' id='word_1_266' title='bbox 466 3991 540 4045; x_wconf 75' lang='lat' dir='ltr'>hasra</span> <span class='ocrx_word' id='word_1_267' title='bbox 562 3993 709 4059; x_wconf 75' lang='lat' dir='ltr'>epistulam</span> <span class='ocrx_word' id='word_1_268' title='bbox 732 3994 764 4045; x_wconf 83' lang='lat' dir='ltr'>ia</span> <span class='ocrx_word' id='word_1_269' title='bbox 787 3992 935 4046; x_wconf 71' lang='lat' dir='ltr'>Vaticana</span> <span class='ocrx_word' id='word_1_270' title='bbox 957 3992 1159 4060; x_wconf 75' lang='lat' dir='ltr'>exemplaribus</span> <span class='ocrx_word' id='word_1_271' title='bbox 1177 3996 1313 4058; x_wconf 77' lang='lat' dir='ltr'>repertam</span> 
     </span>
     <span class='ocr_line' id='line_1_33' title="bbox 156 4081 416 4151; baseline 0.008 -18"><span class='ocrx_word' id='word_1_272' title='bbox 156 4081 247 4151; x_wconf 68' lang='lat' dir='ltr'>prinu</span> <span class='ocrx_word' id='word_1_273' title='bbox 264 4081 416 4135; x_wconf 71' lang='lat' dir='ltr'>ediderant.</span> 
     </span>
    </p>
   </div>
   <div class='ocr_carea' id='block_1_10' title="bbox 199 4256 414 4311">
    <p class='ocr_par' dir='ltr' id='par_1_13' title="bbox 199 4256 414 4311">
     <span class='ocr_line' id='line_1_34' title="bbox 199 4256 414 4311; baseline -0.009 0"><span class='ocrx_word' id='word_1_274' title='bbox 199 4259 234 4311; x_wconf 82' lang='lat'>26</span> <span class='ocrx_word' id='word_1_275' title='bbox 254 4258 288 4310; x_wconf 91' lang='lat' dir='ltr'>iis</span> <span class='ocrx_word' id='word_1_276' title='bbox 311 4258 337 4309; x_wconf 87' lang='lat' dir='ltr'><em>V</em></span> <span class='ocrx_word' id='word_1_277' title='bbox 353 4256 414 4311; x_wconf 78' lang='lat' dir='ltr'>edd.</span> 
     </span>
    </p>
   </div>
   <div class='ocr_carea' id='block_1_11' title="bbox 0 0 1550 4959">
    <p class='ocr_par' dir='ltr' id='par_1_14' title="bbox 0 0 1550 4959">
     <span class='ocr_line' id='line_1_35' title="bbox 0 0 1550 4959; baseline 0 6"><span class='ocrx_word' id='word_1_278' title='bbox 0 0 1550 4959; x_wconf 95' lang='lat' dir='ltr'> </span> 
     </span>
    </p>
   </div>
  </div>
 </body>
</html>
