3092 4959
507 396 773 465 epistularum
802 397 921 452 CXLIX.
1223 403 1288 467 373

132 612 228 673 quem
262 591 301 655 ud
333 590 464 655 modum
498 591 566 673 ipse
602 610 635 655 se
670 592 757 655 eruit
785 610 888 671 came,
919 593 965 658 sic
996 612 1072 659 suos
1107 595 1290 660 ostenderet

132 698 292 763 exuendos
317 699 495 763 carnalibus
520 698 621 777 uitiis,
645 718 700 781 per·
724 718 807 781 quae
830 700 879 765 illi
904 699 952 765 eis
976 700 1229 767 dominabantur.

41 800 78 862 27
178 807 246 870 Iam
270 805 321 869 bic
345 805 515 888 diligenter
534 805 680 882 adtende,
696 824 792 888 quem
811 806 998 871 admodum
1016 806 1141 885 inferat,
1160 812 1289 891 propter

132 912 220 994 quod
243 917 358 978 cuncta
381 912 443 976 ista
467 912 802 978 commemorauimus.
825 932 930 978 nemo
955 932 1044 997 ergo
1068 933 1147 992 uos,
1171 914 1287 997 inquit,

96 1032 111 1070 ⁵
132 1020 282 1085 iudicet
305 1020 341 1084 iu
366 1020 465 1098 cibo,
489 1023 655 1103 tamquam
680 1023 848 1103 propterea
867 1021 972 1085 omnia
995 1020 1052 1085 illa
1070 1020 1194 1097 dixerit,
1215 1020 1291 1103 quia

132 1128 189 1193 isti
212 1146 269 1209 per
296 1128 392 1191 huius
425 1126 512 1191 modi
546 1126 788 1192 obseruationes
823 1125 1058 1192 seducebantur
1090 1146 1109 1189 a
1139 1127 1288 1204 ueritate,

133 1254 198 1317 qua
216 1234 308 1299 liberi
328 1234 456 1311 fiebant,
471 1234 509 1298 de
531 1253 592 1316 qua
607 1232 730 1298 dictum
750 1237 801 1298 est
819 1234 852 1298 iu
868 1233 1051 1318 euangelio:
1076 1235 1123 1298 Et
1141 1235 1288 1299 ueritas

132 1340 322 1405 liberabit
346 1359 424 1417 noe,
448 1340 481 1404 id
505 1344 555 1404 est
573 1340 690 1404 liberos
710 1340 815 1405 saciet.
834 1360 939 1405 nemo
964 1360 1050 1425 ergo
1075 1360 1154 1417 uos,
1173 1341 1289 1423 inquit,

133 1448 283 1513 iudicet
305 1448 341 1511 in
366 1448 449 1511 cibo
474 1451 540 1511 aut
563 1448 598 1511 in
619 1450 710 1530 potu
732 1449 798 1511 aut
820 1448 857 1510 in
881 1451 986 1530 parte
1011 1447 1087 1512 diei
1112 1447 1204 1513 festi
1224 1450 1291 1511 aut

86 1569 113 1605 ¹⁰
133 1554 352 1619 neomeniae
373 1558 438 1618 aut
456 1553 712 1632 sabbatorum,
729 1554 827 1636 quod
842 1554 1044 1618 eatumbra
1063 1554 1287 1618 futurorum.

133 1663 195 1726 hoo
219 1664 349 1743 propter
366 1660 580 1737 Iudaismum3
602 1660 713 1723 deinde
733 1661 880 1743 sequitur
897 1665 1026 1744 propter
1045 1659 1289 1743 superstitiones

135 1768 320 1853 gentilium:
343 1766 487 1850 Corpus
513 1769 638 1831 autem
664 1766 819 1844 Christi,
843 1766 958 1849 inquit,
982 1785 1087 1830 nemo
1116 1784 1184 1829 uos
1209 1783 1288 1829 con·

134 1876 275 1940 uincat.
295 1878 387 1957 turpe
408 1876 467 1951 est,
482 1874 598 1955 inquit,
615 1876 647 1937 et
660 1872 756 1937 nimis
771 1874 982 1957 incongruum
997 1876 1028 1936 et
1044 1892 1062 1935 a
1075 1870 1288 1956 generositate

133 1986 263 2046 uestrae
282 1981 440 2045 libertatis
460 1981 611 2055 alienum,
628 1982 676 2056 ut,
696 1999 770 2044 eum
790 1979 861 2044 sitis
881 1998 996 2061 corpus
1012 1978 1142 2057 Christi,
1158 1976 1288 2042 seduca-

84 2102 113 2142 15
135 2088 215 2153 mini
242 2088 365 2153 umbris
390 2091 422 2152 et
454 2087 600 2151 conuinci
633 2086 807 2149 uideamini
831 2086 935 2149 ueluti
957 2087 1136 2168 peccantes,
1161 2085 1188 2147 si
1210 2083 1289 2148 haec

134 2197 307 2261 obseruare
330 2194 512 2278 neglegitis.
539 2212 673 2274 eorpus
698 2212 786 2276 ergo
812 2190 957 2257 Christi
978 2211 1083 2257 nemo
1111 2210 1180 2256 uos
1210 2208 1288 2254 con-

134 2302 267 2367 uincat
295 2301 428 2365 uolens
457 2300 492 2363 in
522 2298 743 2364 humilitate
771 2299 907 2364 cordis.
936 2300 997 2363 hoo
1021 2299 1049 2363 si
1073 2317 1129 2380 per
1151 2296 1287 2362 uerbum

134 2409 294 2475 Graecum
310 2407 476 2483 diceretur,
490 2406 585 2470 etiam
596 2407 628 2469 in
639 2406 750 2469 Latina
760 2406 990 2470 consuetudine
1004 2404 1150 2488 populari
1165 2406 1290 2468 sonaret

131 2516 296 2581 usitatius.
318 2514 365 2579 sio
385 2514 469 2578 enim
490 2517 523 2577 et
540 2514 641 2597 uulgo
662 2512 791 2589 dieitur,
811 2512 866 2595 qui
885 2512 1020 2577 diuitem
1035 2512 1173 2586 affectat,
1186 2509 1288 2573 thelo-

81 2628 110 2667 ²⁰
132 2622 226 2687 diues
251 2626 292 2697 et,
318 2621 373 2704 qui
397 2620 587 2703 sapientem,
612 2620 831 2701 thelosapiens
854 2624 885 2683 et
919 2623 1024 2684 cetera
1056 2618 1153 2682 huius
1186 2616 1286 2691 modi;

132 2747 208 2812 ergo
229 2730 262 2792 et
280 2727 331 2792 hic
352 2726 583 2803 thelohumilis
609 2726 694 2807 quod
717 2726 845 2808 plenius
870 2726 988 2790 dicitur
1010 2724 1120 2790 thelon
1144 2723 1287 2795 humilis

130 2834 165 2898 id
200 2838 251 2899 est
282 2835 394 2899 uolens
426 2834 570 2910 humilis,
604 2832 755 2898 affectans
788 2832 1015 2909 humilitatem,
1049 2830 1133 2914 quod
1164 2830 1287 2893 intelle·

223 3096 253 3159 4;
274 3096 302 3157 8;
326 3094 371 3160 12;
393 3096 437 3157 16;
459 3094 517 3149 Col.
537 3095 561 3158 2,
584 3093 689 3146 16-18
745 3091 840 3146 710h.
860 3092 885 3153 8,
905 3092 940 3144 32

170 3239 286 3291 lcarnd
305 3236 359 3291 PG
432 3252 480 3289 uos
499 3234 555 3289 PG
574 3251 637 3287 suos
656 3258 705 3287 *aa
724 3234 829 3302 [fecitne
848 3233 996 3300 suos?)V
1049 3232 1287 3294 2domiuabatur,

131 3344 166 3380 an.
187 3331 202 3379 1
221 3342 291 3381 corr.
311 3324 520 3378 dominabantur
544 3322 570 3374 V
640 3324 655 3376 3
675 3325 966 3393 propter-tamquam
985 3339 1045 3388 om,
1064 3322 1096 3374 ia
1113 3337 1198 3390 marp.
1217 3338 1252 3377 ou.
1276 3326 1287 3372 1

131 3414 199 3469 aad.
225 3413 251 3465 V
342 3413 468 3482 dinquit
487 3428 535 3465 uos
554 3411 658 3465 iudicet
676 3410 935 3481 Pinquitiudicet
953 3409 1050 3464 uosG
1159 3410 1287 3487 5omnia

131 3520 166 3558 aa
185 3518 254 3558 corr.
273 3520 307 3556 m.
328 3506 347 3555 2
366 3501 398 3554 K
486 3502 502 3554 6
523 3500 723 3554 obseruationis
742 3500 777 3553 H
870 3502 886 3553 8
905 3499 1035 3553 liberabit
1053 3515 1087 3553 ex
1104 3498 1240 3552 liberabat
1264 3499 1289 3550 V

129 3592 234 3647 libabit
252 3590 285 3644 K
337 3592 403 3644 lacit
420 3590 456 3643 M
492 3588 722 3643 9festiautuV
760 3588 794 3641 10
812 3589 965 3650 eumeniae,
985 3606 1019 3641 m.
1039 3591 1059 3641 2
1078 3587 1238 3640 neomeniae
1252 3586 1289 3639 Μ

132 3682 167 3735 12
188 3678 283 3735 christi
301 3680 369 3733 estis
388 3680 479 3749 inquit
497 3681 524 3733 A
622 3680 654 3732 13
674 3694 754 3748 agere
773 3679 902 3740 nositate,
921 3694 955 3733 m.
975 3679 995 3730 2
1014 3694 1030 3730 a
1048 3675 1233 3745 generositate
1251 3674 1288 3727 M

131 3788 148 3825 a
167 3770 335 3840 generosita,
353 3785 388 3822 m.
407 3768 515 3823 ataid.
535 3772 549 3820 1
569 3767 635 3823 add.
655 3772 683 3821 te
701 3769 729 3820 A
813 3768 846 3821 14
866 3782 962 3835 corpus
982 3782 1044 3831 om,
1062 3782 1097 3818 m.
1116 3769 1132 3817 1
1149 3765 1181 3817 in
1199 3780 1285 3831 morp.

132 3858 200 3913 add.
225 3856 252 3911 V
331 3857 430 3913 seduca
449 3858 485 3925 in,
504 3854 815 3911 ac.2seducaminiG
907 3856 939 3908 15
958 3854 1066 3907 umbres
1085 3852 1120 3905 H
1187 3852 1239 3905 hoc
1260 3851 1286 3904 G

133 3950 166 4002 19
188 3946 306 4013 affectat,
326 3964 359 4001 m.
380 3950 400 3999 2
418 3945 576 4000 allectatG
630 3944 776 3998 theodiues
794 3943 822 3996 P
856 3944 891 3996 20
909 3942 1127 4013 theosapiensP
1162 3942 1194 3993 21
1212 3944 1285 4009 etgo,

131 4056 165 4091 ro.
186 4041 202 4090 1
221 4052 289 4091 corr.
311 4052 375 4105 ergo
400 4035 425 4088 V
443 4052 502 4104 ego,
521 4052 556 4089 m.
577 4038 597 4087 2
615 4052 680 4104 ergo
699 4034 732 4087 K
822 4032 1026 4101 quod-thelon
1045 4030 1155 4083 humilis
1174 4046 1235 4091 ona,
1254 4029 1286 4080 in

130 4142 217 4197 nrarp.
237 4142 271 4179 m.
292 4130 312 4179 2
331 4126 397 4179 add.
421 4124 454 4177 K
474 4124 680 4194 quod-uolens
703 4123 814 4177 humilis
838 4138 899 4185 om,
922 4122 954 4175 in
971 4136 1057 4189 morp.
1077 4138 1112 4175 m.
1132 4125 1147 4171 1
1166 4119 1232 4172 add.
1261 4117 1287 4171 V

166 4216 284 4287 plenius,
303 4232 338 4268 m.
359 4214 504 4283 aptonius
526 4214 552 4267 G
624 4213 698 4267 thelo
721 4212 747 4265 G
816 4212 851 4265 22
871 4209 1163 4279 quod-humilitatem
1183 4224 1234 4262 ona.
1255 4207 1287 4261 K

166 4305 348 4373 intellegatur
366 4301 426 4356 Ha
