3092 4959
496 392 763 463 epistularum
790 392 937 448 cxtvln.
1232 397 1296 461 347

138 586 176 647 ut
210 584 337 650 iuterim
375 586 414 651 dc
453 587 577 653 uisione
615 588 666 654 dei
703 588 881 654 secuudum
917 588 1097 654 interiorem
1135 587 1296 654 hominem

137 692 309 758 certissimi
341 693 509 762 simassi
536 699 643 760 autem
671 696 768 760 etium
796 714 910 778 corpus
938 695 1020 760 mira
1046 695 1296 762 commutatione

136 797 199 865 hoc
222 799 370 878 uduerit,
393 800 482 866 aliud
505 802 646 879 accedet,
669 823 732 868 nou
754 802 838 868 illud
860 803 1020 868 abscedet

50 903 89 967 18
182 906 301 972 Melius
326 926 401 992 ergo
424 908 456 972 id
480 907 696 987 adfirmamus,
720 910 805 974 unde
829 909 960 974 minime
984 910 1181 987 dubitamus,
1211 911 1296 994 quod

105 1013 233 1080 chonon
260 1015 393 1080 interior
419 1015 544 1081 uidebit
571 1016 677 1091 deum,
711 1016 766 1099 qui
795 1017 889 1082 modo
923 1017 1013 1082 solus
1045 1021 1153 1101 potest
1185 1016 1296 1083 uidere

137 1121 314 1201 euenum,
343 1141 424 1204 qnae
452 1142 526 1187 cum
553 1123 746 1204 laudaretur,
776 1124 898 1189 dictum
927 1126 990 1190 est:
1025 1125 1125 1189 Deus
1154 1126 1294 1190 caritas

138 1230 208 1306 est,
233 1228 322 1294 solus
345 1231 456 1313 potest
478 1229 585 1294 nidere
608 1249 736 1313 pacem
761 1233 802 1296 et
825 1231 1189 1308 sanctificationem,
1213 1231 1294 1296 sina

137 1354 210 1416 qua
239 1353 345 1400 nemo
379 1335 522 1418 poterit
550 1335 684 1400 uidere
716 1336 836 1401 deum.
870 1354 973 1418 neque
1004 1337 1087 1401 enim
1117 1337 1293 1417 carimtem,

135 1459 259 1525 pacem,
287 1442 570 1516 sanctificationem
599 1445 632 1507 et
658 1441 688 1507 si
715 1461 779 1525 qua
807 1443 925 1526 similia
957 1443 1048 1507 uidet
1079 1442 1174 1508 modo
1207 1443 1293 1508 nllus

88 1571 117 1614 in
137 1547 252 1613 oculus
275 1549 394 1625 caruis;
419 1568 500 1630 qnae
523 1551 630 1614 tamen
657 1549 764 1614 omnia
786 1549 850 1614 iam
874 1549 973 1628 uidet,
999 1553 1152 1632 quantum
1176 1553 1294 1633 potest,

136 1654 253 1720 oculus
275 1655 391 1721 mentis
416 1657 505 1720 tauto
529 1655 642 1738 purius
667 1657 785 1738 quanto
810 1655 928 1739 purior,
952 1659 990 1720 ut
1008 1656 1077 1722 sine
1095 1655 1293 1722 dubitatione

135 1761 233 1826 deum
260 1780 320 1828 nos
347 1763 477 1828 uisuros
506 1782 576 1828 osse
604 1763 784 1842 credamus,
813 1763 882 1828 siue
909 1763 1110 1828 inueniamus
1138 1764 1208 1829 siue
1232 1781 1292 1829 non

132 1867 348 1946 inueniamus,
371 1868 458 1952 qnod
476 1869 514 1934 de
538 1869 692 1951 qualitate
715 1869 816 1934 tutori
840 1870 980 1952 corporis
1003 1871 1196 1952 quaerimus,
1220 1889 1291 1935 cum

134 1978 243 2042 tamen
267 1994 382 2060 corpus
404 1979 659 2044 resurrecturum
683 1979 716 2041 ct
738 1977 908 2042 inmortale
931 1980 1027 2058 atque
1051 1976 1293 2059 incorruptibile

88 2103 116 2144 ιι
135 2083 281 2148 futurum
309 2102 370 2149 nou
398 2083 609 2166 ambigamus,
639 2083 788 2165 quoniam
817 2083 890 2148 hino
919 2085 1100 2147 sanctarum
1124 2081 1293 2166 scriptura·

134 2208 208 2253 rum
226 2190 401 2254 sententias
420 2189 639 2273 apertissimas
658 2189 923 2271 firmissimasque
938 2190 1123 2256 retinemus.
1142 2190 1170 2254 si
1185 2195 1292 2255 autem

134 2297 199 2360 istc
222 2294 328 2373 frater,
353 2295 440 2378 quod
462 2295 501 2359 de
525 2295 660 2379 spiritali
684 2313 814 2378 corpore
839 2296 943 2360 adhuc
971 2296 1109 2379 requiro,
1140 2296 1203 2360 iam
1231 2295 1293 2360 sibi

134 2401 243 2466 firmat
270 2421 340 2491 esse
369 2402 594 2482 certissimum,
623 2402 685 2468 nisi
713 2402 860 2488 placidos
888 2401 1017 2468 audiero
1047 2402 1214 2467 docentem
1237 2403 1293 2476 ita,

135 2507 247 2572 utillo
271 2526 398 2591 quoque
421 2507 567 2590 placidus
590 2528 642 2574 me
666 2507 776 2573 audiat
799 2507 1022 2590 inquirentem,
1046 2507 1186 2584 habebit,
1210 2509 1293 2574 unde

86 2634 116 2678 so
134 2615 205 2680 iure
229 2621 425 2680 suscenseat.
449 2632 534 2678 nunc
555 2619 662 2680 tamen
687 2634 743 2698 per
767 2615 931 2681 Christum
955 2614 1096 2696 obsecro,
1121 2619 1158 2680 ut
1181 2615 1220 2680 de
1238 2615 1294 2680 illa

135 2720 310 2802 asperitate
331 2721 510 2786 litterarum
533 2740 686 2799 mearum,
711 2740 773 2804 qua
797 2739 870 2785 eum
889 2741 950 2787 nou
968 2722 1117 2786 inmerito
1138 2723 1292 2787 offensum

136 2846 211 2892 esse
239 2827 346 2906 didici,
378 2827 506 2892 ueniam
533 2827 612 2891 mihi
642 2827 680 2892 ab
708 2827 765 2892 illo
797 2826 948 2910 impetres
982 2831 1015 2893 et
1046 2847 1097 2892 me
1129 2827 1293 2910 rescriptis

136 2933 268 3000 domino
292 2933 465 2998 adiuuante
483 2934 649 3000 laetifices.

229 3122 356 3180 elleh.
374 3125 401 3192 4,
419 3125 450 3191 83
471 3125 505 3179 16
560 3126 574 3180 7
594 3123 677 3180 Hebr.
700 3121 742 3188 12,
764 3123 798 3180 14

177 3249 323 3304 lintsrim
339 3253 373 3303 ut
391 3249 418 3303 A
436 3250 546 3303 interim
564 3252 627 3318 (om.
646 3253 689 3316 ut)
709 3247 766 3302 FP
847 3247 984 3303 hominem
1003 3265 1056 3304 om.
1074 3247 1103 3303 P
1190 3247 1294 3304 2eerti

137 3337 208 3394 ΡΨ
270 3338 412 3394 3accsdit
430 3356 485 3393 non
503 3339 573 3393 illud
591 3338 717 3393 abscedit
734 3338 791 3392 FA
854 3337 956 3409 4ergo
975 3354 1028 3395 om.
1046 3339 1075 3394 R
1146 3337 1215 3392 illud
1233 3337 1294 3392 edd.

137 3429 154 3482 7
174 3429 235 3482 sine
254 3428 588 3499 qna-sanctificationem
607 3443 659 3482 om.
678 3428 705 3482 A
760 3429 778 3482 8
796 3427 891 3482 uidere
910 3428 1014 3497 poterit
1031 3425 1070 3481 Ρ1
1088 3429 1182 3498 potest
1200 3425 1293 3482 uidere

137 3517 200 3574 edd.
309 3534 404 3587 pacem
423 3517 566 3572 caritatem
583 3516 654 3571 P¹V
741 3517 842 3587 equa]
861 3533 917 3586 qua
936 3519 1000 3570 suut
1017 3516 1079 3572 edd.
1173 3517 1206 3570 10
1226 3532 1289 3570 oeu-

137 3610 183 3664 lus
208 3607 311 3661 mentis
339 3610 471 3676 quantum
494 3609 587 3677 potest
608 3605 679 3659 P¹V
704 3609 837 3675 quantum
866 3609 959 3676 potest
981 3605 1082 3659 mentis
1111 3605 1205 3660 oculus
1233 3605 1294 3659 edd.

138 3697 175 3751 14
194 3695 270 3752 scu
342 3696 376 3751 15
394 3696 440 3750 hic
458 3695 490 3750 F
558 3695 593 3749 20
612 3695 715 3764 tamen]
736 3695 827 3748 antem
847 3693 876 3747 P
941 3695 977 3747 22
997 3693 1065 3747 dicis
1083 3691 1114 3747 F
1131 3692 1232 3746 dixiA
1251 3693 1294 3746 dio

137 3789 187 3856 (=
206 3785 283 3854 dicit)
301 3784 330 3839 Ρ
363 3786 399 3839 23
414 3785 524 3855 explicit
542 3784 778 3838 commonitorium
797 3781 885 3837 snaed
904 3781 1025 3853 agustini
1045 3782 1166 3852 episcopi
1186 3779 1220 3835 nd
1238 3781 1293 3834 lor·

136 3874 314 3929 tunstianum
337 3874 368 3928 F
392 3873 503 3944 explicit
530 3873 765 3927 commonitorium
795 3871 882 3926 sancti
906 3871 1047 3941 augustini
1072 3871 1106 3924 nd
1130 3869 1293 3925 demonstia-

137 3981 204 4020 num
224 3961 252 4016 P
