3092 4959
263 416 330 480 318
623 411 651 466 S.
678 412 818 467 Aureli
846 412 1064 482 Augustini

264 603 353 668 nulla
378 604 612 686 intercapedine
645 607 833 687 separantur
861 609 917 669 aut
949 606 1056 688 aliqua
1088 605 1173 673 oculi
1206 607 1321 686 cordis,
1353 625 1410 689 quo

262 710 368 775 radios
387 725 464 775 suos
482 711 614 775 mittant
632 715 663 775 et
683 731 720 775 ea
737 712 876 789 uideant,
896 712 1066 777 interualla
1085 713 1291 795 conquirunt!
1316 731 1410 778 nonne

262 816 369 880 omnia
395 816 428 880 in
452 836 515 882 uno
545 821 620 882 sunt
647 819 715 882 sine
744 818 894 902 angustia
917 823 949 882 et
973 819 1040 883 suis
1068 820 1213 884 terminis
1241 823 1316 886 nota
1343 823 1412 884 sunt

263 923 331 987 sine
355 923 491 988 circuitu
509 925 697 1008 regionum?
721 929 779 988 aut
797 924 857 1002 dic,
881 925 913 988 in
934 945 996 1007 quo
1014 926 1086 990 loco
1104 925 1217 992 uideas
1241 926 1411 993 caritatem.

262 1048 344 1111 quae
366 1033 472 1094 tamon
492 1029 524 1094 in
543 1033 668 1095 tantum
691 1031 753 1095 tibi
776 1031 905 1116 cognita
925 1035 984 1106 est,
1007 1031 1040 1096 in
1060 1037 1214 1115 quantum
1234 1053 1305 1097 eam
1325 1036 1410 1116 potes
1434 1055 1443 1090 a

262 1138 378 1202 mentis
411 1138 479 1202 acie
511 1138 666 1213 contueri,
699 1156 796 1218 quam
828 1156 890 1202 non
923 1138 995 1204 ideo
1028 1157 1176 1222 magnam
1209 1139 1304 1216 nosti,
1342 1139 1412 1221 quia

262 1245 422 1328 ingentem
456 1244 596 1326 aliquam
630 1243 748 1308 molem
782 1243 1005 1326 conspiciendo
1038 1244 1199 1319 instruatu
1237 1263 1306 1320 nec,
1344 1263 1409 1308 cnm

261 1350 321 1416 tibi
349 1350 437 1414 intus
464 1350 618 1432 loquitur,
647 1354 684 1414 ut
711 1349 887 1414 secundum
916 1369 986 1414 eam
1009 1351 1113 1426 uiuae,
1141 1351 1217 1416 ullis
1245 1351 1410 1435 perstrepit

263 1457 349 1523 souis
372 1476 440 1534 nec,
465 1459 502 1520 ut
523 1476 593 1520 eam
617 1475 737 1532 cernes,
763 1455 975 1540 corporalium
998 1457 1105 1521 lumen
1131 1457 1227 1542 erigis
1252 1458 1408 1522 oculorum

261 1583 330 1641 nec,
354 1571 391 1629 ut
410 1582 480 1628 earn
503 1562 627 1627 fortiter
648 1567 769 1641 teneas,
795 1563 1006 1644 corporalium
1029 1563 1115 1628 uires
1134 1582 1302 1646 praeparas
1320 1564 1408 1628 lacer·
1422 1583 1443 1622 u
1536 1647 1537 1654 ἵ

261 1675 365 1736 torum
390 1689 458 1747 nec,
488 1688 560 1734 oum
584 1669 644 1733 tibi
667 1670 757 1734 uenit
779 1671 810 1734 in
840 1673 990 1746 mentem,
1019 1670 1118 1734 sentis
1145 1670 1215 1735 eius
1242 1671 1405 1735 incessum.
1536 1657 1537 1668 ¹

192 1779 236 1845 44
305 1778 388 1841 Ecce
420 1777 517 1841 etiam
550 1777 677 1851 caritas,
715 1777 1008 1858 quantulacumque
1039 1777 1071 1840 in
1105 1781 1213 1841 nostra
1249 1777 1405 1840 uoluntate

261 1884 411 1950 consistit
442 1884 599 1965 nobisque
631 1883 804 1966 conspicua
836 1885 896 1960 ost,
931 1889 999 1947 ‘nec
1030 1883 1062 1946 in
1094 1883 1164 1948 loco
1197 1883 1328 1948 uidetur
1356 1899 1405 1946 nec

261 1990 478 2072 corporalibus
511 1990 613 2055 oculis
647 1990 811 2072 quaeritur
844 2007 903 2054 nec
939 1989 1212 2054 circumscribitur
1248 1989 1321 2054 uisu
1354 2007 1404 2052 nec

259 2099 349 2161 tactu
373 2099 499 2160 tenetur
521 2115 579 2161 nec
603 2096 732 2161 auditur
755 2095 854 2160 affetu
877 2115 934 2160 nec
960 2095 1097 2160 sentitur
1119 2097 1270 2161 incessu’.
1299 2098 1403 2178 quanto
1420 2113 1438 2150 n

260 2203 364 2286 magis
397 2203 476 2266 deus
508 2203 588 2286 ipse,
622 2203 714 2267 cuius
747 2201 808 2267 hoc
841 2202 959 2286 pignus
991 2203 1023 2267 in
1056 2203 1149 2267 nobis
1182 2205 1249 2268 est!
1283 2222 1353 2268 nam
1381 2200 1403 2265 si

259 2310 389 2374 interior
420 2310 515 2374 homo
548 2313 665 2386 noster,
704 2309 995 2393 quantulacumque
1026 2309 1133 2393 imago
1170 2309 1240 2374 eius
1278 2329 1338 2374 non
1371 2307 1403 2371 de

257 2413 315 2479 illo
349 2416 456 2499 genita
488 2414 545 2480 sed
577 2415 616 2479 ab
648 2415 704 2479 illo
734 2417 849 2492 creata,
879 2416 1027 2498 quamuis
1050 2415 1154 2479 adhuc
1180 2419 1352 2480 renouetur
1370 2413 1402 2476 de

260 2519 311 2586 die
343 2522 375 2584 in
408 2521 503 2596 diem,
536 2521 600 2586 iam
631 2525 738 2586 umen
776 2523 808 2586 in
845 2521 904 2585 tali
935 2522 1007 2586 luce
1041 2521 1176 2597 habitat,
1209 2541 1272 2602 quo
1306 2521 1402 2585 nullus

259 2628 426 2693 oculorum
450 2627 661 2711 corporalium
684 2647 799 2692 sensus
824 2627 956 2704 accedit,
981 2627 1008 2691 si
1032 2645 1079 2702 ea,
1104 2627 1236 2709 quaein
1261 2627 1318 2692 illa
1338 2627 1437 2691 luceo
1535 2641 1536 2684 l

259 2734 364 2799 cordis
402 2735 504 2800 oculis
541 2735 712 2801 intuemur.
749 2740 781 2800 et
814 2734 1036 2800 discernuntur
1066 2734 1149 2798 inter
1185 2752 1219 2798 se
1253 2739 1285 2798 et
1316 2731 1402 2798 nullis

258 2840 401 2906 locorum
429 2842 542 2924 spatiis
570 2845 766 2924 separantur,
801 2846 919 2925 quanto
947 2840 1050 2926 magis
1079 2839 1169 2918 deus,
1199 2841 1263 2924 qui
1288 2841 1400 2906 lucem

259 2947 409 3012 habitat
436 2949 747 3014 inaccessibilem
776 2949 917 3031 corporis
946 2947 1105 3024 sensibus,
1135 2965 1198 3028 quo
1223 2966 1282 3012 nec
1308 2945 1399 3030 ipsius

349 3205 454 3260 13-15
474 3231 508 3253 =
527 3224 554 3276 p.
572 3207 634 3274 aer,
656 3207 761 3261 14-16
837 3207 869 3259 17
889 3204 918 3260 11
937 3204 998 3261 cor.
1016 3209 1042 3270 4,
1060 3207 1092 3260 rc
1165 3207 1200 3260 aa
1220 3209 1233 3262 1
1253 3209 1320 3263 rim.
1334 3209 1357 3274 e,
1372 3206 1398 3258 ro

295 3347 487 3418 lautJntP
557 3347 897 3417 qui,m.2qua0qna
920 3347 969 3400 ΤΕ
1019 3348 1235 3418 2οοιιῳιίῒ(»ν
1249 3349 1398 3404 erarem?

257 3438 431 3505 conquirant)
451 3437 479 3490 P
497 3439 722 3506 conquirantur.
740 3442 756 3490 1
775 3453 843 3491 corr.
864 3437 1029 3506 conquirunt
1046 3437 1083 3490 M
1135 3438 1153 3491 3
1172 3440 1330 3492 sine—snut
1346 3453 1397 3502 aar,

257 3543 292 3578 m.
312 3525 381 3580 2in
397 3541 483 3594 marp.
505 3525 571 3579 odd.
589 3525 625 3579 Η
676 3527 743 3595 suis]
764 3527 823 3580 sinc
843 3525 903 3580 edd.
919 3531 1032 3594 praeter
1049 3543 1076 3578 m
1121 3526 1252 3598 liquam]
1271 3529 1398 3598 quantum,

257 3631 292 3668 m.
312 3618 332 3669 2
350 3630 430 3684 qnam
448 3622 540 3667 tamen
558 3613 589 3667 F
651 3615 801 3683 ineolne
819 3613 850 3668 F
910 3615 1048 3668 liutem.
1068 3613 1102 3668 H
1119 3613 1195 3668 etF
1265 3611 1397 3686 perstrepit

257 3707 391 3772 (precor
409 3707 518 3756 cornu
531 3718 653 3770 parm.
673 3705 733 3755 2⁸.
751 3700 833 3768 u.)0
868 3703 1037 3756 iimoernas
1055 3703 1128 3771 (suit
1146 3703 1251 3770 ecr)H
1285 3703 1396 3774 loprae·

256 3791 381 3861 paresO
445 3794 477 3844 ll
497 3791 592 3844 ueniat
615 3790 691 3845 Tou
762 3791 792 3845 in
810 3795 902 3844 mente
926 3791 1036 3844 TMPL
1109 3793 1216 3846 incessu
1234 3795 1275 3861 (ce
1293 3793 1323 3845 in
1338 3787 1395 3849 rur.)

257 3880 292 3934 Η
345 3879 723 3947 inopinantique
787 3881 1063 3950 quantulumcumque
1086 3880 1164 3935 ΥΟΕ
1220 3882 1253 3937 16
1272 3883 1394 3952 ipsam,

256 3986 291 4024 m.
311 3973 369 4025 2-s.
389 3987 417 4022 u.
438 3968 551 4023 adest
624 3972 667 4022 est
684 3969 710 4021 in
731 3969 811 4022 nobie
835 3968 911 4022 Tou
983 3971 1007 4022 si
1026 3986 1078 4023 om.
1096 3969 1123 4023 L
1180 3971 1213 4023 li
1236 3969 1394 4042 quantulum·

258 4074 372 4126 eumque
394 4057 471 4110 TOL
535 4059 602 4123 eius,
621 4075 655 4110 m.
676 4061 696 4112 2
714 4058 772 4110 cius
792 4061 835 4110 est
854 4058 881 4109 P
933 4057 967 4111 de
986 4058 1035 4111 illa
1052 4057 1081 4110 A
1136 4059 1169 4112 18
1189 4066 1330 4112 renouetur
1345 4067 1392 4106 rar.

257 4163 290 4199 ex
308 4149 463 4199 remoretur
480 4145 518 4199 M
563 4149 595 4200 19
614 4148 668 4199 iarn
687 4145 738 4198 tali
755 4146 784 4199 in
803 4146 853 4200 tali
872 4146 909 4199 M
957 4146 1268 4216 oecumenicarum
1286 4161 1317 4200 ce
1332 4155 1391 4203 rut-i

250 4235 349 4304 fuitne
366 4236 433 4288 lium
452 4233 478 4301 Ρ)
495 4235 555 4287 H.
622 4236 649 4288 iu
669 4251 721 4290 om.
743 4235 822 4289 Tou
904 4237 936 4289 21
958 4235 1150 4289 discernuntur
1173 4239 1230 4304 (pr.
1251 4253 1267 4289 u
1285 4244 1390 4292 etrus-»¹

249 4326 347 4393 fuitne
364 4321 425 4388 eit)
443 4324 478 4376 Η
546 4323 619 4378 intra
637 4323 758 4378 HMFA
814 4325 849 4379 22
868 4326 915 4394 qni
934 4341 985 4379 om.
1009 4323 1086 4378 TOL
