3092 4959
252 395 317 458 620
607 391 633 446 S.
663 391 802 444 Aureli
830 391 1052 460 Augustini

250 587 369 650 tionem
395 585 582 668 spiritaiem,
613 603 692 668 quac
716 585 753 650 fit
776 607 832 668 per
854 587 973 651 formas
997 586 1196 670 incorporeas
1220 586 1400 670 corporibus

252 693 383 758 similes.
412 712 492 775 quae
521 693 658 756 discerni
684 693 811 759 omnino
836 713 898 757 333
922 697 1069 776 possunt,
1099 695 1160 757 nisi
1184 694 1293 758 diuino
1317 693 1401 758 adiu·

251 800 331 864 torio
365 801 489 883 plenius
518 801 700 864 reuelentur
728 805 760 865 et
789 800 905 865 mentis
934 800 1152 884 intellegentis
1182 800 1402 864 diiudicentur.

251 907 303 970 uir
319 907 488 989 aliquando
509 925 580 971 cum
600 907 690 986 liunt,
711 909 767 972 scd
787 910 975 991 plerumque
994 910 1107 991 postca
1125 927 1199 972 cum
1217 907 1403 972 transierint.

252 1033 332 1096 quae
361 1032 433 1078 cum
462 1014 508 1077 its
536 1015 611 1092 sint,
642 1015 711 1078 siue
740 1015 771 1078 in
804 1016 926 1080 asturis
950 1016 1090 1096 corporis
1115 1015 1185 1079 siue
1209 1014 1278 1079 3313
1301 1014 1402 1095 specie
1431 1033 1443 1072 s

252 1121 406 1202 corporali
425 1124 539 1184 natura
558 1124 665 1185 autem
685 1122 822 1204 spiritali
841 1126 949 1187 nostro
974 1123 1103 1204 spiritui
1120 1126 1284 1205 tamquam
1309 1119 1403 1184 sensi·

251 1226 311 1290 bus
336 1226 476 1308 corporis
501 1245 651 1309 apparere
676 1229 856 1304 uideantur,
885 1228 1010 1310 quaudo
1036 1229 1114 1292 baec
1138 1246 1229 1292 sacra
1252 1228 1403 1310 scriptura

253 1338 491 1410 commemorat,
525 1334 616 1398 onius
649 1333 785 1400 istorum
817 1335 951 1399 duorum
985 1336 1111 1419 generis
1143 1337 1210 1399 sint
1241 1342 1274 1400 et
1299 1341 1403 1399 utram

252 1440 411 1504 mediante
431 1441 509 1504 uiua
528 1445 673 1506 creatura
691 1441 779 1518 fiant,
804 1443 832 1506 si
856 1461 986 1526 corpore
1009 1443 1102 1520 fiunt,
1125 1443 1268 1507 iudicare
1290 1446 1403 1505 temere

253 1566 313 1610 333
325 1547 488 1622 debemus,
505 1547 581 1612 dum
597 1551 702 1613 tamen
719 1551 881 1626 creatoris,
897 1551 958 1615 hoc
973 1553 1024 1615 cst
1038 1569 1181 1614 summae
1192 1551 1226 1613 et
1237 1547 1403 1613 ineffabilis
1422 1571 1445 1607 a·

252 1655 404 1718 trinitatis
429 1653 624 1718 inuisibilem
645 1656 1006 1738 incommutabilemque
1030 1662 1174 1721 naturam
1198 1659 1231 1720 et
1255 1675 1273 1719 3
1295 1659 1404 1718 moria-

254 1760 332 1824 lium
362 1759 535 1825 carnalium
564 1762 712 1826 sensibus
743 1765 775 1826 et
803 1763 841 1826 ab
871 1763 957 1827 omni
985 1762 1256 1828 conuertibilitste
1283 1762 1353 1825 siue
1375 1761 1404 1824 in

254 1869 368 1932 melius
403 1868 472 1932 siue
500 1867 532 1932 in
563 1868 703 1934 deterius
733 1871 802 1934 siue
831 1871 861 1933 in
890 1869 1057 1951 quodlibet
1084 1858 1170 1933 aliud
1199 1874 1295 1951 utque
1321 1867 1406 1932 alind

252 1978 406 2039 remotam
437 1980 532 2057 atquc
561 1975 730 2040 discretam
760 1978 814 2040 uel
837 1977 906 2041 sine
930 1977 998 2040 3113
1021 1976 1218 2041 dubitatione
1243 1975 1407 2040 credamus

253 2065 554 2164 uel'qualioumque
579 2083 676 2146 etiam
699 2083 919 2166 intellegentia
943 2084 1117 2165 capiamus.
1424 2101 1445 2140 1³

37 2229 38 2233 =
119 2188 164 2251 IV
186 2191 225 2252 12
294 2189 382 2252 Haec
410 2188 470 2252 tibi
495 2188 533 2253 de
557 2190 681 2254 duabus
705 2191 959 2271 quaestionibus,
988 2190 1048 2254 boo
1073 2194 1124 2254 est
1147 2189 1185 2252 de
1208 2188 1404 2252 trinitatem

254 2295 411 2372 columba,
440 2295 469 2359 in
497 2315 559 2378 qua
587 2296 719 2378 spiritus
750 2303 881 2361 sanctus
905 2316 965 2360 non
990 2315 1049 2360 sua
1071 2299 1184 2360 ustura
1208 2295 1265 2360 sed
1289 2293 1406 2378 signifi·

254 2400 361 2465 catina
393 2402 500 2482 specie
534 2402 769 2468 demonstratus
803 2407 863 2479 est,
892 2402 978 2467 sicut
1005 2407 1039 2466 et
1065 2401 1150 2466 filius
1180 2401 1232 2466 dci
1259 2419 1322 2465 non
1350 2419 1406 2464 sua

253 2508 434 2584 natiuitato,
469 2509 506 2574 de
536 2529 598 2590 qua
625 2515 714 2592 pater
743 2510 834 2574 dicit:
864 2511 959 2573 Ante
987 2509 1190 2574 lucilerum
1220 2507 1333 2592 genui
1361 2511 1406 2580 te,

255 2612 310 2676 sed
328 2613 360 2676 in
385 2613 512 2677 homine
537 2619 687 2696 suscepto
712 2635 746 2679 er
770 2619 862 2679 irtero
886 2615 1022 2698 uirginis
1047 2612 1214 2678 eludatis
1239 2611 1444 2676 crucifixuss·

255 2725 314 2795 est,
348 2720 467 2785 uideris
497 2741 593 2802 quam
622 2721 723 2786 otiose
753 2741 811 2805 ego
841 2728 944 2786 tamea
974 2721 1245 2802 occupatissimus
1272 2718 1409 2784 scribere

255 2827 355 2908 potui.
381 2847 438 2892 nec
457 2827 570 2910 putaui
591 2827 694 2892 omnia
719 2829 949 2910 pertractanda,
974 2846 1055 2909 quae
1074 2827 1213 2909 posuisti
1236 2827 1270 2890 in
1292 2823 1408 2889 litteris

254 2933 333 3006 tais;
368 2953 480 2998 uerum
510 2935 548 2996 ad
581 2934 637 2998 illo
669 2933 742 3010 duo,
777 2953 856 3016 quae
889 2953 925 2996 er
957 2953 1008 2996 me
1041 2932 1150 2996 sordine
1180 2931 1327 3007 uoluisti,
1359 2949 1408 2994 me

254 3040 457 3121 respondisse
487 3040 547 3104 etsi
576 3059 636 3104 333
665 3039 862 3104 sufficienter
884 3040 1032 3104 auiditati
1055 3051 1129 3102 tuae
1152 3042 1260 3102 tamen
1284 3038 1407 3102 caritati

255 3146 457 3211 oboedienter·
479 3147 636 3212 existimo.
1421 3164 1442 3204 3

191 3251 229 3314 13
299 3253 428 3316 Praeter
452 3258 557 3318 autem
582 3254 655 3318 iilos
680 3253 760 3318 dnos
784 3254 894 3330 libros,
924 3273 1002 3336 quos
1026 3253 1129 3318 tribus
1152 3273 1204 3317 me
1227 3253 1405 3317 adiunxisse

255 3379 351 3440 supra
369 3363 626 3436 commemoraui,
651 3365 683 3424 et
700 3361 798 3425 trium
822 3361 1018 3445 psalmorum
1042 3361 1272 3441 expositionem
1294 3359 1404 3442 scripsi

256 3467 351 3529 etiam
370 3466 487 3530 librum
509 3467 547 3530 ad
568 3473 712 3530 sanctum
733 3469 952 3551 presbyterum
972 3467 1203 3547 Hieronymum
1223 3467 1263 3530 de
1286 3468 1403 3530 animae

256 3573 375 3656 origine
395 3574 562 3637 consulens
583 3593 667 3653 eum,
692 3594 753 3656 quo
775 3575 867 3638 modo
889 3573 1014 3639 defendi
1034 3575 1138 3656 possit
1161 3575 1219 3637 illa
1241 3573 1401 3638 sententis.

347 3818 379 3870 19
398 3817 443 3873 1³³.
465 3817 524 3886 ros,
544 3819 559 3872 s

295 3943 306 3994 1
328 3959 470 4011 corporeas
490 3943 523 3996 H
539 3947 583 4010 (m.
603 3949 618 3996 1
637 3960 705 3997 corr.
725 3944 909 4012 incorporeas)
934 3943 991 3997 VU
1043 3944 1059 3995 5
1079 3942 1215 4012 corporeis
1233 3942 1295 3995 edd.
1350 3941 1401 3994 siue

255 4033 363 4086 133313
386 4033 529 4086 THRVU
607 4033 708 4087 liuius
726 4051 759 4087 ee
778 4034 842 4105 uina
865 4033 891 4087 U
973 4032 1167 4101 lOetlstque
1190 4028 1401 4086 fustuario

258 4123 290 4175 12
310 4121 572 4176 inconuertibilitste
596 4121 650 4176 VU
688 4123 720 4176 13
741 4122 872 4190 quolibet,
890 4138 925 4174 m.
944 4126 960 4174 1
979 4137 1048 4174 corr.
1068 4119 1253 4190 quodlibetR
1292 4120 1324 4173 19
1341 4117 1401 4172 diris

257 4209 366 4264 Hcdci.
429 4209 601 4264 ussedom.
626 4209 682 4263 VU
742 4211 774 4263 21
797 4210 885 4264 otioso
907 4208 1133 4276 THVUsirm
1200 4205 1400 4277 sepemsnb

257 4314 290 4352 m.
310 4303 329 4352 2
348 4299 541 4369 pertractanda
564 4299 592 4352 U
643 4300 677 4353 28
697 4300 803 4369 origine
822 4300 928 4353 enimse
952 4297 1096 4352 THRVU
