3092 4959
268 377 333 440 206
617 373 643 428 S.
673 375 808 442 Aureli
836 374 1051 443 Augustini

267 589 406 655 magne
439 569 674 634 confitebor
706 570 794 644 tibi,
827 589 887 634 non
921 582 1038 652 quante
1065 571 1129 634 ista
1161 590 1325 655 synagoga
1354 575 1405 645 est,

268 695 347 760 quae
374 677 491 742 inridet
517 680 653 741 mortem
681 675 834 751 derelicti,
859 677 914 741 scd
936 677 967 740 in
997 677 1132 742 ecclesia
1160 697 1276 761 magne
1302 675 1408 741 diffusa

266 803 323 867 per
346 803 455 849 omnes
479 787 600 868 gentes,
625 803 705 866 quae
729 784 829 848 credit
850 784 882 847 in
900 785 1162 849 resurrectionem
1182 803 1241 850 non
1262 783 1407 848 derelicti.

267 892 345 955 haec
373 894 423 955 eet
449 891 542 956 unica
569 891 634 966 ille,
663 909 756 973 quam
786 891 868 972 petit
894 891 939 954 de
972 910 1089 956 manu
1123 893 1237 956 canis
1268 891 1347 968 erni,
1375 890 1408 954 de

269 1017 332 1082 qua
355 998 448 1062 etiam
469 999 565 1080 paulo
585 999 658 1061 ante
678 997 769 1061 dixit:
793 998 833 1061 In
859 997 989 1063 medio
1014 999 1219 1063 ecclesiae
1244 998 1408 1064 cantabo
1432 1019 1443 1058 s

268 1109 317 1178 te,
333 1107 366 1169 et
379 1123 461 1168 nuno
476 1103 561 1186 qnod
580 1105 639 1168 ait:
656 1102 848 1168 Confitcb
859 1123 898 1167 or
915 1104 1007 1178 tibi,
1027 1105 1059 1168 in
1075 1105 1121 1169 eis
1135 1106 1258 1188 utique,
1274 1105 1331 1188 qui
1345 1125 1409 1170 con·

267 1211 450 1288 metuntur,
474 1211 505 1275 in
530 1211 646 1292 quibus
670 1215 702 1275 et
724 1211 874 1294 loquitur.
898 1210 1052 1276 confessio
1077 1215 1183 1276 eutem
1207 1231 1268 1276 non
1291 1215 1409 1277 tantum

268 1323 469 1402 peecatorum
499 1323 548 1384 est
576 1318 632 1382 sed
660 1321 692 1381 et
722 1317 829 1383 leudis
861 1318 922 1394 dei,
955 1318 1040 1383 sicut
1070 1320 1140 1401 ipse
1172 1319 1203 1382 in
1236 1318 1408 1403 euangelio:

270 1425 482 1491 Confiteor
505 1426 875 1508 tibtinquitpater,
900 1425 1059 1489 domine
1084 1425 1189 1489 caeli
1213 1428 1410 1498 atterrat,

269 1531 1446 1616 quriaebscondistihaecesapientibusetprudcntibnso

270 1644 309 1702 et
336 1639 539 1702 reuelasti
567 1657 610 1702 ee
638 1637 837 1720 paruulis.
866 1638 937 1702 idco
966 1639 1112 1720 sequitur
1136 1643 1169 1704 et
1195 1638 1287 1703 dicit:
1314 1639 1412 1702 Vota

269 1765 353 1810 mee
371 1744 533 1810 reddam
555 1763 687 1808 coram
706 1744 951 1808 timentibus
971 1763 1067 1809 enm.
1084 1746 1411 1829 edentpauperes

270 1857 307 1917 et
331 1851 637 1917 aetimabuntur·
661 1854 699 1914 et
721 1851 949 1915 laudabunt
973 1851 1184 1919 dominum.
1205 1853 1272 1934 qui
1291 1851 1412 1935 requi·

270 1961 364 2023 runt
383 1978 480 2023 eum.
501 1958 565 2041 ipsi
584 1958 814 2041 sumperunt,
835 1957 1009 2040 dequibus
1030 1957 1122 2023 dixit:
1147 1959 1195 2022 Et
1216 1959 1412 2023 renelnsti

270 2085 314 2130 ea
335 2065 534 2148 pernulis
559 2064 709 2129 timentes
734 2085 806 2128 erum
831 2068 863 2128 et
880 2083 1045 2147 pauperes
1064 2065 1097 2128 id
1116 2070 1166 2129 est
1189 2065 1339 2141 humiles,
1363 2064 1411 2147 qui
1429 2088 1449 2126 o

269 2193 329 2238 non
355 2174 420 2236 alta
444 2172 581 2254 sepiunt,
602 2170 658 2236 sed
681 2171 797 2234 timent
819 2172 932 2235 timore
952 2171 1008 2235 illo
1028 2176 1127 2252 casto,
1147 2190 1207 2236 non
1234 2191 1296 2254 quo
1320 2191 1413 2254 poeno

270 2279 468 2359 formidetur,
494 2278 549 2341 sed
574 2296 635 2360 quo
660 2278 762 2362 gratia
786 2280 1000 2342 conseruntur.

205 2381 244 2446 61
315 2385 399 2449 Vota
423 2403 498 2448 uero
524 2403 582 2448 sue
605 2382 795 2448 sacrificium
820 2385 893 2447 uult
915 2383 1059 2467 intellegi
1083 2386 1223 2467 corporis
1252 2386 1313 2462 sni,
1337 2383 1414 2467 quod

272 2495 322 2556 est
352 2491 494 2555 fidelium
532 2495 773 2554 sacramentum.
811 2489 883 2554 ideo
917 2509 988 2554 cum
1023 2490 1171 2556 dixisset:
1205 2491 1308 2556 Vota
1340 2511 1416 2555 mee

272 2598 431 2663 reddam
471 2615 601 2662 coram
639 2597 885 2661 timentibus
923 2616 1020 2674 eum,
1058 2598 1208 2662 continno
1246 2598 1451 2664 subiunxitze

272 2704 402 2768 lident
419 2723 620 2786 pauperes
641 2707 679 2767 et
698 2704 1006 2767 saturabuntur.
1021 2705 1085 2786 ipsi
1099 2704 1180 2768 enim
1196 2707 1417 2770 saturabuntur

273 2831 363 2896 pane,
388 2813 456 2893 qui
481 2811 525 2875 de
550 2811 664 2875 caelo
689 2809 913 2883 descendit,
940 2810 993 2891 qui
1018 2811 1047 2874 ei
1072 2811 1275 2876 cohaerentes
1298 2815 1330 2876 et
1353 2810 1416 2874 eius

274 2937 382 3000 pacem
400 2918 665 2999 dilectionemque
681 2920 844 2981 seruantes
853 2916 1021 2981 imitantur
1032 2917 1100 2981 eius
1110 2916 1339 2992 humilitatem
1350 2917 1416 2981 ideo

273 3043 483 3108 pauperes.
508 3025 538 3088 in
564 3024 622 3087 hec
647 3026 832 3108 paupertate
857 3027 889 3086 et
913 3023 1078 3087 saturitate
1097 3025 1267 3107 praecipue
1285 3023 1417 3106 apostoli

275 3132 464 3196 claruerunt.
484 3135 519 3194 et
542 3129 762 3194 larrdebunt.
783 3130 897 3210 inquit,
918 3129 1118 3209 dominum,
1137 3131 1200 3213 qui
1224 3130 1453 3212 requirente

276 3258 361 3302 eum
395 3237 617 3322 intellegentes
653 3255 713 3300 non
748 3235 933 3299 meritorum
966 3255 1097 3301 suornm
1134 3236 1189 3301 sed
1226 3236 1315 3300 illius
1352 3253 1418 3300 esse
1529 3248 1530 3297 1

277 3345 405 3427 gratioe,
435 3343 520 3424 quod
549 3343 683 3406 saturati
716 3346 800 3406 sunt.
833 3343 996 3424 requirunt
1028 3344 1110 3406 enim
1144 3363 1227 3421 eom,
1257 3343 1331 3427 qnia
1359 3360 1418 3406 non
1529 3368 1530 3439 ἦ

366 3535 396 3597 4;
418 3537 434 3588 5
453 3534 498 3586 Ps.
518 3534 561 3600 21,
580 3534 626 3598 21;
647 3535 681 3587 23
781 3537 798 3587 9
816 3533 916 3589 Marto.
937 3534 979 3599 11,
999 3535 1033 3586 25>
1139 3537 1169 3588 ll
1190 3535 1235 3588 Pr.
1254 3537 1300 3592 21.
1319 3533 1418 3588 26-27

279 3624 312 3676 '22
332 3623 389 3676 Ioh.
410 3622 435 3682 6,
455 3623 489 3676 50

1529 3692 1530 3717 l

315 3747 392 3800 lest
411 3761 551 3814 synagoga
569 3745 668 3798 isteG
751 3745 947 3798 3crednntT
1026 3745 1177 3800 tlarrdabo
1201 3746 1256 3801 ΟΝ
1271 3763 1321 3800 rec.
1347 3745 1419 3812 Vulgi.
1529 3750 1530 3753 ’

278 3836 373 3889 Slaus
392 3834 419 3888 R
510 3833 695 3886 9confitebor
717 3832 742 3884 Τ
759 3833 788 3898 (b
808 3838 879 3900 cop.)
900 3832 960 3886 edd.
975 3840 1121 3900 praetere
1205 3835 1257 3887 tibi
1276 3835 1307 3887 in
1327 3835 1420 3900 finer.

279 3940 330 3978 om.
350 3923 376 3976 L
466 3921 584 3976 terreL
659 3920 690 3973 10
711 3921 756 3988 qui
776 3920 917 3974 LOGNT
989 3922 1420 3990 11p·auolis,m.1corr.psr-

279 4010 349 4064 uelis
368 4011 394 4062 L
431 4011 464 4062 12
484 4009 594 4062 reddum
614 4011 640 4062 in
660 4011 807 4076 conspectu
824 4010 980 4061 tierentium
1000 4025 1060 4062 enm
1083 4009 1109 4060 Τ
1125 4025 1174 4065 ecc.
1201 4010 1277 4078 Vulc.
1323 4012 1355 4064 16
1373 4011 1420 4062 isto

284 4099 308 4151 T
397 4115 497 4167 poenas
516 4097 570 4151 LR
642 4097 676 4150 23
697 4098 744 4164 eis,
763 4113 797 4149 m.
816 4103 832 4150 1
850 4113 919 4150 corr.
940 4099 998 4150 eius
1017 4099 1043 4151 L
1115 4099 1150 4151 24
1168 4101 1342 4153 ··seturitate
1362 4098 1421 4166 (suit
1529 4156 1530 4167 γ

280 4191 320 4250 sa)
343 4187 368 4239 G
423 4188 456 4241 ‘25
477 4186 613 4239 dominnm
633 4185 803 4254 inquitedd.
872 4187 905 4237 26
924 4187 1030 4254 merito,
1049 4191 1205 4240 m.1corr.
1224 4184 1421 4242 meritorumL

315 4275 389 4328 illius
408 4273 507 4330 oncT
560 4275 593 4326 27
615 4291 672 4327 eum
694 4275 763 4328 enim
783 4273 815 4326 N
