3092 4959
262 425 324 487 108
619 422 645 476 S.
673 421 809 476 Aureli
839 419 1058 489 Augustini

259 635 320 680 non
345 617 544 699 consumpsit
567 617 688 698 utique,
712 615 767 680 sed
792 615 980 698 adsumpsit.
1004 633 1075 678 ecce
1100 615 1146 679 sio
1164 615 1285 679 iactum
1305 617 1356 680 est
1378 619 1410 679 et

259 727 365 787 tamen
394 723 522 805 quidam
552 723 701 786 baeretici
733 741 881 805 peruerse
913 721 1054 785 mirando
1088 721 1156 786 eius
1188 721 1409 804 laudandoque

259 829 412 894 uirtutem
440 835 582 893 naturam
611 829 781 893 humanam
810 829 843 892 in
872 849 908 893 eo
936 847 1065 911 prorsus
1099 845 1269 913 agnoscere
1302 828 1409 894 nolue-

259 939 343 1013 runt,
372 936 428 1001 ubi
456 943 505 1000 est
537 937 639 1001 omnis
672 937 792 1020 gratiae
826 935 1068 1010 commendatio,
1097 955 1160 1018 qua
1192 936 1301 999 saluos
1333 934 1411 999 facit

260 1042 422 1107 credentes
450 1043 481 1106 in
514 1063 548 1106 se
580 1043 753 1125 profundos
786 1044 954 1107 thesauros
987 1043 1161 1124 sapientiae
1194 1046 1226 1106 et
1258 1041 1409 1106 scientiae
1440 1063 1452 1101 s

260 1149 424 1213 continens
449 1153 481 1213 et
502 1149 563 1213 fide
586 1150 721 1214 inbuens
748 1154 882 1228 mentes,
908 1170 986 1232 quas
1016 1149 1055 1214 ad
1083 1153 1242 1214 aeternam
1271 1151 1408 1212 contem·

259 1255 431 1337 piationem
446 1257 590 1321 ueritatis
603 1256 872 1321 iucommutabilis
888 1257 1050 1340 peruebat.
1068 1255 1154 1339 quid,
1166 1256 1193 1318 si
1208 1255 1408 1335 omnipotens

260 1362 419 1426 bominem
442 1363 635 1445 ubicumque
659 1363 829 1428 formatum
854 1383 915 1428 non
940 1383 976 1427 er
1000 1367 1139 1427 materno
1164 1366 1253 1427 utero
1278 1367 1408 1436 crearet,

260 1468 316 1533 sed
338 1470 536 1553 repentinum
557 1471 686 1534 inferret
705 1469 908 1553 aspectibus?
934 1470 1019 1551 quid,
1046 1470 1073 1536 si
1097 1469 1199 1534 nullas
1221 1488 1256 1533 ex
1275 1468 1407 1552 paruulo

259 1576 290 1638 in
323 1576 487 1641 iuuentam
524 1579 663 1641 mutaret
698 1579 830 1654 aetates,
863 1575 969 1641 nullos
1007 1574 1105 1651 cibos
1143 1575 1247 1640 nullos
1284 1577 1409 1657 caperet
1426 1599 1448 1635 ιο

260 1687 410 1746 somnos?
442 1702 544 1748 nonne
573 1684 751 1766 opinionem
780 1681 980 1746 confirmaret
1012 1681 1124 1746 erroris
1158 1701 1214 1746 nec
1248 1682 1406 1746 hominem

260 1807 370 1852 uerum
395 1789 577 1873 suscepisse
601 1790 667 1854 ullo
691 1788 785 1854 modo
810 1789 989 1854 crederetur
1012 1792 1054 1866 et,
1080 1789 1155 1853 dum
1184 1789 1289 1854 omnia
1317 1789 1406 1852 mira·

258 1895 366 1959 biliter
389 1896 475 1974 fecit,
499 1897 646 1975 auferret,
671 1896 755 1978 quod
774 1895 1021 1961 misericorditer
1038 1896 1134 1960 fecit?
1158 1915 1239 1960 nuno
1264 1915 1340 1960 uero
1363 1896 1407 1960 ita

259 2001 342 2065 inter
361 2002 455 2067 deum
475 2006 508 2066 et
525 2003 668 2067 homines
682 2003 839 2066 mediator
852 2004 1008 2085 apparuit,
1023 2007 1059 2067 ut
1074 2004 1104 2066 in
1120 2003 1241 2068 unitate
1256 2019 1406 2086 personae
1423 2084 1428 2096 .

260 2110 412 2192 copulans
440 2113 606 2191 utramque
633 2113 779 2173 naturam
807 2113 840 2173 et
867 2109 963 2174 solita
991 2110 1177 2174 sublimaret
1204 2109 1343 2176 insolitis
1376 2113 1406 2173 et
1423 2129 1444 2168 rs

260 2214 388 2280 insolita
412 2215 516 2279 solitis
540 2217 739 2295 temperaret.

348 2424 364 2475 5
385 2421 443 2476 Col.
463 2423 489 2488 2,
509 2422 525 2474 3

297 2547 309 2598 l
331 2545 466 2598 consumit
484 2544 517 2597 K
595 2543 715 2598 adsumit
734 2545 766 2597 K
844 2545 947 2600 iactum
967 2551 1009 2600 est
1028 2548 1065 2601 sic
1085 2549 1111 2600 Α
1130 2548 1168 2601 sic
1187 2547 1275 2600 iactus
1295 2550 1337 2600 est
1358 2545 1405 2600 GR

259 2636 275 2688 2
296 2626 387 2703 puerei
410 2632 449 2684 W
540 2632 699 2686 miranduiiii
718 2637 772 2703 (est
790 2651 859 2688 erae.
879 2634 959 2700 aaa),
978 2651 1012 2688 m.
1033 2639 1053 2688 2
1071 2635 1191 2689 mirando
1215 2634 1252 2688 W
1268 2635 1353 2688 mirae
1372 2633 1404 2686 do

259 2722 305 2791 (m.
325 2725 346 2774 2
364 2721 409 2789 dd)
432 2721 457 2773 Τ
550 2723 607 2774 eius
626 2720 761 2775 laudando
783 2726 844 2778 iem.
865 2725 927 2791 que)
950 2723 976 2776 T
987 2707 1103 2792 'eiusque
1121 2723 1258 2777 laudando
1281 2721 1330 2776 CR
1348 2723 1403 2775 lau·

260 2809 402 2878 dandoque
422 2810 479 2863 eius
498 2810 559 2864 edd.
650 2811 667 2864 4
686 2811 733 2880 qui
751 2811 789 2863 Μ
806 2829 856 2879 quc
876 2811 909 2863 K
996 2813 1012 2864 5
1031 2812 1178 2881 proiundos
1198 2817 1221 2879 (s
1240 2827 1261 2864 a.
1280 2829 1308 2865 u.
1327 2827 1361 2864 m.
1380 2813 1402 2874 1)

258 2899 399 2952 thesauros
417 2897 456 2952 W
470 2898 602 2968 profundo
623 2897 750 2952 thesauro
769 2898 831 2952 BH
847 2904 891 2967 (m.
913 2904 932 2954 2
950 2901 1097 2971 profundos
1115 2901 1269 2966 thesauros)
1305 2902 1322 2954 6
1343 2915 1402 2953 con·

257 2989 348 3042 tineus
371 2990 399 3042 in
422 3006 451 3043 se
475 2994 503 3044 et
525 2990 563 3058 (in
587 3007 615 3043 se
638 3007 673 3042 m.
696 2993 713 3042 1
737 2989 800 3054 del.)
821 2990 856 3043 M
873 2992 1194 3058 contremiscebat
1219 2989 1242 3044 0
1264 2990 1402 3044 continent

259 3081 287 3131 et
304 3077 332 3131 R
403 3078 484 3132 fidem
503 3079 535 3131 K
611 3082 717 3132 mentes
735 3079 859 3132 imbuens
878 3079 938 3133 edd.
1030 3080 1196 3149 iperuchat
1218 3078 1299 3144 W(b
1318 3093 1402 3144 supra

256 3169 324 3234 rae.)
347 3166 380 3220 H
400 3170 445 3235 (m.
471 3173 489 3220 3
511 3167 655 3236 prouehat)
680 3167 785 3220 ierueat
811 3165 873 3219 ΤΡ1
897 3167 1009 3238 perbeat
1031 3169 1064 3221 K
1087 3168 1221 3238 prouehat
1245 3167 1323 3222 CRP
1345 3164 1400 3221 edd.

293 3257 340 3324 qni
363 3256 388 3308 Τ
475 3257 491 3309 8
515 3256 689 3324 ubicumque]
715 3272 793 3324 quem
813 3254 846 3308 K
950 3257 1089 3322 formatur,
1114 3275 1148 3311 nr.
1168 3263 1186 3311 3
1210 3257 1355 3310 formatum
1373 3253 1404 3308 H

291 3348 414 3398 materno
433 3349 459 3412 (o
479 3345 509 3398 ia
527 3351 595 3410 raa.)
619 3344 658 3397 W
696 3345 711 3398 9
730 3344 844 3398 inferret
862 3346 1017 3416 aspectibus
1038 3351 1091 3412 (ret
1110 3347 1265 3418 aspectibus
1283 3347 1315 3399 ire
1333 3361 1401 3408 roa.,·

258 3433 545 3487 attemperatum.
568 3437 595 3500 2)
618 3432 658 3485 W
735 3435 827 3501 quit]
905 3435 943 3489 sit
961 3439 984 3502 (t
1003 3435 1065 3502 dcl.)
1085 3437 1112 3487 B
1191 3435 1293 3489 nuliam
1316 3432 1400 3489 CRP¹

259 3523 292 3575 10
309 3523 422 3575 iumtam
446 3522 600 3576 Tiuuenta
617 3521 712 3575 DHK
727 3523 897 3577 iuuentutem
916 3523 943 3577 P
1012 3525 1184 3578 mutaretis-'ai
1197 3529 1262 3593 (ras.
1284 3528 1359 3577 2-3
1373 3525 1400 3588 i.)

256 3609 294 3663 Μ
381 3614 499 3664 aetatem
521 3611 582 3664 TP¹
682 3611 756 3664 eibos
776 3611 865 3665 nullos
885 3628 935 3666 om.
955 3612 988 3666 K
1075 3615 1163 3668 nullos
1183 3617 1207 3679 (s
1226 3614 1258 3666 e'n
1276 3615 1345 3679 rae.)
1367 3609 1402 3664 W

292 3705 415 3768 carperet
435 3698 609 3754 CDRAKP¹
683 3702 713 3754 ll
733 3703 957 3756 nonne—erroris
976 3719 1036 3769 om.,
1054 3719 1088 3755 m.
1108 3709 1139 3756 ut
1157 3703 1214 3756 uid.
1234 3706 1249 3754 1
1268 3703 1298 3754 in
1316 3717 1398 3769 marc.

257 3787 322 3841 cdd.
346 3788 384 3841 W
452 3789 608 3843 confirmare
627 3789 736 3842 terroris
757 3789 781 3842 0
799 3791 857 3854 (sed
874 3789 955 3860 corr.)
973 3791 1007 3844 K
1022 3791 1177 3845 confirmare
1196 3795 1240 3860 (m.
1261 3793 1280 3843 3
1299 3789 1365 3844 cdd.
1379 3795 1398 3850 t;

257 3876 353 3930 erroris
372 3877 405 3930 H
492 3879 551 3946 nec]
572 3881 601 3931 et
619 3878 652 3930 H
740 3879 1068 3948 lescastrensem
1092 3880 1131 3933 W
1211 3881 1278 3950 ullo]
1299 3897 1351 3949 quo
1370 3877 1402 3933 H

292 3965 338 4022 diri
356 3967 389 4020 K
405 3967 486 4036 quod,
505 3985 538 4020 m.
560 3971 578 4020 3
598 3969 643 4036 qui
664 3968 695 4020 H
770 3969 947 4023 amirabiliter
966 3970 999 4023 H
1070 3971 1102 4024 13
1121 3969 1188 4024 iacit
1207 3969 1326 4023 auferret
1344 3985 1397 4022 raa.

256 4073 289 4108 ac
306 4055 411 4110 iaciunt
429 4060 477 4110 ant
495 4056 578 4110 ferret
596 4057 624 4110 B
695 4057 918 4112 auferret—iecit
936 4075 996 4128 om„
1015 4077 1049 4112 m.
1070 4063 1089 4113 2
1107 4060 1172 4114 add.
1191 4059 1225 4112 H
1282 4057 1398 4112 auierset

257 4145 329 4212 (suit
346 4161 369 4208 r;
392 4161 406 4198 c
425 4161 446 4198 a.
465 4148 505 4212 c.)
524 4145 562 4198 W
576 4146 681 4200 auferet
702 4146 785 4213 0(m.
805 4151 820 4199 1
839 4163 906 4200 corr.
927 4147 1054 4214 auferret)
1069 4147 1129 4201 AK
1180 4149 1260 4216 nunc]
1279 4163 1333 4200 non
1351 4145 1398 4200 CR

257 4233 290 4285 14
309 4231 445 4286 bominem
463 4233 521 4286 KP
610 4236 643 4289 15
662 4237 785 4303 utraque,
805 4251 838 4288 ra.
858 4239 878 4288 2
896 4239 1039 4304 utramque
1058 4237 1085 4289 B
1170 4236 1353 4290 sublimitarct
1370 4233 1400 4286 K

257 4321 289 4374 16
308 4320 398 4389 solita,
416 4337 451 4374 m.
471 4325 491 4374 2
508 4323 619 4376 insolita
638 4323 672 4375 H
740 4323 830 4376 solitis
851 4339 904 4377 raa.
924 4339 958 4378 ear
976 4325 1073 4379 solutis
1092 4325 1119 4380 R
