3092 4959
518 387 785 456 epistularum
815 387 907 442 CXLI.
1219 393 1280 455 241

60 569 76 630 7
177 579 264 659 Quid
287 600 360 666 ergo
385 581 534 662 quaeritis
559 582 719 664 amplius?
747 582 860 647 multis
884 583 1012 665 quidem
1042 584 1148 650 uerbis
1177 603 1284 667 super-

127 687 205 750 fluis
240 691 330 771 gesta
363 691 573 752 onerauerunt
603 691 644 764 et,
679 687 754 770 quia
786 707 847 752 non
879 691 1052 770 potuemnt
1083 689 1217 767 efficere,
1248 695 1286 755 ut

128 812 230 858 causa
253 811 314 856 non
338 796 495 877 ageretur,
519 793 579 858 boc
602 794 745 858 fecerunt
768 795 906 858 multum
936 795 1103 877 loquendo,
1128 800 1175 875 ut,
1199 798 1285 879 quod

128 903 240 965 actum
274 905 334 976 est,
367 900 496 966 difficile
529 901 698 984 legeretur.
733 901 790 966 ‘sed
823 901 938 966 debent
969 903 1062 967 uobis
1095 904 1189 968 etiam
1222 903 1286 968 ista

91 1025 241 1072 aeorum
269 1026 372 1089 pauca
398 1008 497 1072 uerba
526 1007 681 1086 sufficere,
711 1027 749 1072 ne
778 1011 905 1091 propter
936 1010 1043 1073 nescio
1076 1030 1148 1093 qua,
1177 1012 1285 1076 nescio

128 1133 267 1197 qnorum
288 1114 453 1178 hominum
472 1109 606 1179 crimina
618 1114 746 1178 oderitis
762 1114 918 1179 unitatem
932 1115 1107 1180 catholicae
1122 1116 1285 1193 ecclesiae,

108 1209 218 1302 cuia,
243 1221 329 1285 sicut
350 1221 413 1305 ipsi
437 1221 591 1298 dixerunt,
615 1222 806 1304 relegerunt,
827 1221 1092 1305 subscripserunt,
1110 1241 1167 1286 nec
1191 1241 1286 1287 cansa

128 1345 248 1391 causae
272 1326 469 1408 praeiudicat
491 1344 548 1390 nec
571 1344 704 1408 persona
728 1345 890 1409 personae.
909 1346 982 1391 nam
1003 1330 1035 1391 et
1052 1327 1083 1390 in
1102 1327 1173 1410 ipsa
1191 1347 1287 1392 cansa

128 1433 315 1507 Caeciliani,
345 1452 438 1516 quam
465 1433 543 1497 licet
570 1433 609 1497 ad
638 1434 792 1498 ecelesiae
821 1452 949 1498 causam
982 1451 1043 1499 non
1075 1435 1284 1516 pertinentem

77 1561 105 1600 ιο
126 1546 237 1604 tamen
261 1538 488 1605 defendendam
513 1539 724 1621 suscepimus,
744 1542 782 1604 ut
805 1539 900 1604 etiam
924 1539 969 1603 ibi
994 1540 1169 1605 calumniae
1188 1541 1287 1605 mani⁴

126 1649 324 1713 feriarentur
346 1647 499 1730 ipsorum,
524 1646 724 1729 apertissime
749 1646 827 1711 uicti
851 1650 935 1721 sunt,
959 1647 1039 1711 nibil
1063 1666 1182 1723 eorum,
1207 1665 1287 1730 quae

126 1757 160 1820 in
188 1753 401 1820 Caecilianum
425 1753 641 1832 intendebant,
665 1754 797 1834 probare
820 1756 1003 1834 potuemnt.
1033 1754 1163 1837 insuper
1189 1755 1286 1819 etiam

126 1861 169 1926 de
204 1861 388 1926 criminibus
421 1861 602 1926 traditionis
635 1879 692 1924 nos
726 1859 920 1943 episcopalia
955 1864 1047 1944 gesta
1082 1861 1286 1944 protulimus,

129 1968 216 2032 unde
244 1969 450 2032 recitauimus
479 1966 602 2049 aliquos
633 1985 741 2031 eorum
771 1967 1004 2050 episcoporum,
1030 1969 1084 2051 qui
1112 1967 1286 2032 sententias

75 2096 104 2136 1⁵
126 2078 163 2140 in
208 2076 371 2139 absentem
413 2074 554 2139 dixerant
596 2073 822 2152 Caecilianum,
865 2075 1145 2140 manifestissimos
1186 2075 1286 2139 fuisse

129 2182 313 2249 traditores.
346 2185 454 2246 contra
484 2182 554 2264 ipsa
586 2185 676 2264 gesta
708 2181 767 2259 illi,
801 2180 875 2263 quia
908 2202 967 2246 non
1000 2181 1169 2259 habebant,
1202 2182 1287 2264 quod

131 2290 287 2364 dicerent,
315 2289 396 2354 falsa
423 2308 494 2354 esse
518 2289 673 2366 dixerunt,
699 2288 753 2352 sed
778 2289 866 2353 nullo
895 2291 989 2354 modo
1017 2289 1149 2370 probare
1176 2294 1287 2372 potue·

130 2398 219 2462 runt

53 2505 76 2566 8
178 2504 314 2586 Insuper
343 2503 437 2566 etiam
466 2502 603 2567 confessi
632 2506 707 2567 sunt
734 2502 787 2566 uel
816 2503 924 2586 potius
952 2521 1008 2584 pro
1041 2522 1156 2586 magna
1188 2502 1290 2585 gloria

78 2631 109 2669 20
128 2611 272 2694 professi
301 2613 375 2674 sunt
399 2607 613 2674 Caecilianum
645 2609 728 2692 apud
753 2609 996 2675 Constantinum
1023 2609 1246 2693 imperatorem
1271 2627 1290 2671 a

129 2717 203 2782 suis
227 2716 481 2797 praecessoribus
506 2719 690 2780 accusatum
711 2719 743 2780 et
763 2715 951 2780 addiderunt
974 2716 1183 2794 mendacium,
1204 2715 1288 2797 quod

127 2824 199 2889 illis
223 2823 446 2888 accusantibus
470 2823 567 2887 fuerit
590 2822 628 2887 ab
651 2823 841 2905 imperatore
865 2823 1042 2888 damnatus.
1067 2843 1140 2888 ecce
1160 2827 1192 2887 et
1215 2823 1287 2886 hinc

128 2930 213 2995 uicti
237 2933 322 3006 sunt,
348 2929 430 2994 unde
453 2929 546 2994 uobis
570 2929 675 2994 solent
698 2929 830 2994 nebulas
855 2930 969 2994 erroris
993 2929 1152 2995 offundere
1183 2929 1287 2993 conci-

127 3039 240 3102 tantes
268 3035 359 3100 nobis
387 3035 541 3100 inuidiam
570 3039 602 3098 et
629 3036 659 3100 in
689 3036 799 3100 odium
827 3041 973 3101 uestrum
1001 3055 1059 3102 nos
1084 3035 1288 3111 adducentes,

75 3144 210 3226 asquia
233 3143 386 3207 ecclesiae
411 3161 540 3208 cansam
564 3142 647 3225 apud
670 3144 877 3226 imperatores
902 3144 1037 3227 agimus.
1060 3162 1133 3208 ecce
1152 3144 1287 3208 maiores

127 3269 254 3326 eorum,
287 3249 326 3314 de
359 3269 493 3332 quorum
531 3250 709 3315 nominibus
749 3250 936 3334 gloriantur,
969 3250 1122 3315 ecclesiae
1160 3269 1287 3314 causam

165 3583 183 3634 2
204 3583 405 3634 oouerauerunt
422 3580 449 3633 A
469 3583 657 3644 onorauerunt,
676 3597 710 3636 m.
732 3583 751 3632 2
768 3580 973 3633 honoraremnt
990 3579 1028 3633 Μ
1114 3579 1287 3650 ΒΙοᾳιιθῃᾶο

125 3675 234 3740 (postr.
254 3667 271 3722 l.
291 3684 324 3722 ex
343 3683 412 3723 corr.
431 3685 465 3722 m.
486 3667 561 3734 2)R
615 3666 816 3722 4debeantA
871 3669 999 3722 beomm
1018 3670 1049 3722 ia
1063 3669 1124 3737 jiae
1141 3685 1241 3723 mom.
1260 3669 1288 3722 R

166 3764 259 3824 ne·(c
277 3761 360 3826 crae.)
378 3757 416 3813 P¹
489 3773 551 3828 qua,
570 3775 604 3812 m.
625 3762 732 3827 aquae
751 3758 789 3811 P¹
809 3757 1005 3827 qnaeRedd.
1025 3758 1134 3826 quim.
1153 3761 1174 3811 2
1193 3758 1291 3826 qneP

124 3847 297 3916 ‘flegetunt
314 3847 352 3900 P¹
415 3847 479 3900 8in
499 3863 549 3900 ora.
568 3846 623 3900 BA
688 3846 893 3910 9aecolesiam,
911 3863 947 3900 m.
966 3851 982 3899 1
999 3861 1069 3902 corr.
1088 3844 1236 3899 aecclesiae
1255 3844 1293 3897 M

126 3939 165 3992 10
185 3935 403 3991 descendendam
422 3936 450 3990 A
559 3936 720 4006 suscipimus
738 3935 777 3989 M
879 3937 910 3989 ll
931 3936 1103 4006 apertissime
1121 3936 1243 4004 ipsorum
1262 3934 1289 3988 R

165 4025 292 4094 nihilque
312 4024 372 4082 edd.
465 4025 848 4092 recommemorent>
935 4024 1011 4078 dixer
1033 4028 1079 4090 (=
1098 4023 1233 4090 dixerunt)
1252 4023 1288 4076 1³¹

166 4112 264 4182 fuisse]
285 4111 335 4166 hos
354 4112 438 4166 fuisse
458 4113 494 4166 Ρ1
568 4113 602 4166 22
621 4113 666 4168 hic
685 4113 738 4168 PR
811 4114 845 4168 23
864 4113 950 4167 uincti
968 4113 1023 4166 ΓΔ
1108 4110 1245 4165 offendere
1264 4111 1291 4163 P

124 4208 177 4270 (m.
199 4203 221 4254 2
239 4199 387 4268 offundere)
405 4200 524 4256 MFAR
544 4203 590 4266 (m.
604 4206 619 4255 1
632 4217 719 4270 aspra
732 4202 745 4254 l
760 4200 910 4267 offundere)
926 4218 944 4253 a
979 4202 1015 4254 25
1031 4199 1241 4269 quilaecclesiae
1255 4199 1291 4252 Μ

167 4291 363 4359 imperatorem
383 4288 411 4341 P

156 4413 285 4454 xxmm
299 4413 358 4462 ang.
373 4415 427 4454 sset.
442 4413 465 4453 11
479 4423 531 4464 pm
546 4411 567 4454 3.
1220 4393 1252 4447 16
