3092 4959
281 368 347 438 270
642 367 668 420 S.
697 369 835 422 Aureli
862 369 1079 439 Augustini

238 555 257 616 5
326 567 464 630 Tantum
492 583 584 645 porro
619 563 754 645 quisque
786 566 953 645 peecatum
987 563 1065 641 odit,
1094 565 1247 645 quantum
1276 564 1423 629 institisn

284 671 399 755 diligit,
418 669 503 751 qnod
525 689 587 733 non
611 670 728 750 poterit
751 669 822 754 lege
845 672 981 734 terrente
1005 687 1060 751 per
1082 669 1222 734 litteram
1246 671 1302 735 sed
1321 671 1423 754 spiritu

284 780 412 842 sanante
432 797 487 860 per
506 776 650 860 gretiam.
670 781 747 840 tunc
764 775 812 857 tit,
833 777 918 858 quod
937 777 1101 860 apostolus
1121 777 1283 842 admonet:
1303 777 1424 842 Huma-

283 904 367 949 num
397 884 480 949 dico
509 886 663 967 propter
686 883 956 947 infirmitatem
985 884 1109 947 carnis
1137 887 1305 960 nestrae,
1334 883 1425 947 sicut

285 991 382 1055 enim
402 990 635 1055 exhibuistis
655 990 819 1054 membra
833 995 962 1054 uestra
977 989 1170 1054 desereire
1184 990 1423 1055 inmunditiae
1449 1009 1458 1046 a

285 1101 321 1162 et
339 1097 541 1178 iniquitati
561 1097 606 1161 ad
624 1096 869 1174 iniustitiam,
891 1097 946 1161 sic
965 1117 1060 1162 nunc
1081 1097 1255 1162 exhibete
1274 1097 1425 1162 membra

284 1208 415 1269 uestra
446 1204 640 1270 deseruire
670 1203 850 1269 iustitiae
887 1205 923 1268 in
959 1205 1321 1270 sanctificationem.
1361 1204 1426 1286 qnid

274 1317 335 1375 est
362 1311 447 1376 enim
474 1312 570 1376 ‘sicut
596 1311 679 1375 illud
706 1313 752 1376 ita
780 1314 812 1376 et
843 1312 914 1376 hoc‘
943 1312 1004 1376 nisi
1037 1331 1132 1395 quem
1165 1311 1205 1374 sd
1237 1311 1367 1376 modum
1395 1309 1426 1374 sd

285 1418 480 1501 peccandum
500 1418 608 1482 nullus
628 1439 685 1484 uos
706 1421 842 1504 cogebat
855 1421 950 1485 timor
970 1419 1026 1483 sed
1040 1420 1142 1502 ipsius
1161 1419 1261 1484 libido
1276 1420 1427 1502 uoluptas·

287 1545 347 1606 que
376 1525 508 1607 peccati,
533 1525 580 1589 sic
608 1525 647 1588 ad
674 1526 759 1590 inste
787 1527 960 1592 uiuendum
986 1546 1047 1590 non
1072 1546 1130 1591 uos
1154 1525 1305 1610 supplicii
1334 1529 1425 1589 metus
1441 1542 1458 1578 n·

286 1635 409 1714 urgeat,
443 1631 499 1696 sed
536 1631 633 1696 duest
669 1633 839 1698 delectatio
878 1635 1055 1718 caritasque
1092 1633 1260 1698 iustitiae?
1300 1637 1331 1697 et
1361 1632 1426 1695 haec

287 1738 426 1820 quidem,
460 1742 614 1819 qnantum
651 1739 730 1804 mihi
767 1741 904 1818 uidetur,
942 1740 1083 1805 nondum
1119 1743 1168 1804 est
1204 1741 1345 1823 perfecta
1380 1736 1427 1802 sed

287 1846 424 1927 quodem
449 1845 542 1911 modo
567 1846 677 1910 adulta
693 1848 828 1912 iustitis.
849 1867 950 1930 neque
970 1847 1053 1912 enim
1072 1848 1189 1912 frustra
1207 1847 1426 1929 praemitteret:

287 1952 498 2016 Humanum
517 1953 611 2018 'dico
640 1958 794 2036 propter
820 1955 1089 2019 infirmitatem
1119 1953 1244 2018 cernis
1278 1955 1426 2024 nestrae,

286 2058 349 2122 nisi
368 2059 444 2141 quis
460 2061 533 2141 plus
554 2059 676 2141 aliquid
695 2059 861 2124 dicendum
883 2061 955 2138 tuit,
972 2061 998 2124 si
1013 2059 1075 2123 iam
1091 2060 1139 2122 illi
1156 2059 1235 2123 ferre
1250 2059 1427 2142 potuissent.
1442 2073 1460 2112 s

287 2165 361 2244 plus
386 2166 503 2247 quippe
527 2166 695 2230 seruitutis
719 2166 852 2230 debetur·
879 2165 1032 2244 iustitiae,
1058 2186 1152 2250 quam
1182 2169 1313 2249 peccato
1337 2164 1428 2229 solent

289 2271 433 2336 homines
462 2272 618 2336 exhibere.
647 2291 718 2336 nem
747 2291 847 2354 poena
876 2274 1013 2354 emporis
1047 2273 1108 2336 etsi
1141 2292 1201 2338 non
1231 2292 1249 2336 a
1276 2273 1428 2337 uoluntate

288 2385 393 2442 tamen
423 2383 553 2443 reuocet
579 2380 617 2442 ab
647 2399 740 2460 opere
769 2380 890 2462 peccati
919 2400 976 2444 uec
1005 2381 1097 2444 facile
1129 2381 1266 2461 quisquo
1299 2383 1355 2455 est,
1382 2375 1428 2457 qni

289 2485 394 2566 palem
419 2487 608 2564 committat,
633 2506 694 2568 quo
718 2487 873 2551 inlicitam
895 2491 926 2552 et
944 2487 1128 2551 inmundam
1151 2487 1308 2568 percipiat
1329 2486 1429 2564 uolup-

290 2596 398 2666 tatem,
428 2593 455 2656 si
484 2594 644 2659 cruciatus
672 2594 832 2658 uindictae
861 2597 981 2658 certum
1012 2598 1061 2657 est
1084 2593 1234 2657 continno
1264 2595 1461 2657 secuturosn

291 2700 417 2763 iustitia
435 2719 509 2764 nero
529 2701 576 2764 sic
596 2701 729 2764 amanda
752 2706 811 2778 est,
832 2705 869 2766 ut
887 2701 926 2765 ab
950 2701 1019 2764 eius
1039 2699 1186 2783 operibns
1207 2699 1303 2763 etiam
1321 2715 1429 2780 poenae

291 2807 431 2887 corporis
459 2825 516 2871 nos
545 2807 691 2871 cohibere
718 2827 780 2870 non
809 2807 943 2871 debeant
971 2810 1065 2890 atque
1093 2807 1176 2870 inter
1203 2824 1315 2869 manus
1343 2802 1429 2868 etiam

291 2912 467 2976 crudelium
500 2912 703 2976 inimicorum
735 2914 865 2978 luceant
897 2933 990 2996 opera
1021 2915 1130 2978 nostra
1167 2931 1289 2976 corum
1326 2909 1429 2974 horni-

380 3193 396 3243 3
416 3191 492 3243 nom.
512 3191 537 3249 c,
559 3191 591 3244 19
646 3192 680 3244 na
700 3189 799 3244 naun
820 3196 845 3258 5,
867 3193 899 3244 ro

328 3387 440 3454 lporro
460 3387 502 3439 his
523 3387 637 3455 quisque
657 3387 710 3451 (his
730 3387 795 3456 dcl.)
813 3388 841 3439 P
875 3389 969 3440 3tum
989 3387 1016 3439 P
1050 3387 1298 3454 tintinnitutesss
1316 3387 1430 3456 crus.).l

290 3476 427 3528 5sernirc
445 3475 509 3528 PM
561 3477 785 3530 tet—institiae
804 3493 864 3543 om,
883 3494 916 3529 m.
938 3480 957 3528 2
976 3477 1006 3529 iu
1025 3493 1108 3545 muro.
1129 3475 1195 3528 aud.
1215 3477 1242 3527 P
1299 3475 1431 3545 iniquitati

289 3580 347 3617 ras.
366 3581 400 3617 ex
418 3565 563 3632 iniquitate
577 3565 613 3618 M
667 3565 701 3618 ad
720 3566 894 3634 iniquitatem
914 3565 941 3617 P
957 3569 1002 3632 (m,
1022 3567 1051 3632 2)
1065 3565 1100 3616 M
1113 3581 1139 3617 m
1157 3579 1207 3618 sec.
1228 3563 1304 3634 Vuly.
1323 3563 1385 3630 (Gr.
1404 3565 1430 3631 τῇ

290 3652 385 3724 ἀνομίᾳ
408 3651 445 3715 εἰς
467 3653 515 3723 τὴν
540 3652 659 3724 ἀνομίαν)
776 3655 817 3707 its
839 3655 866 3708 P
887 3658 931 3723 (ut.
957 3659 985 3720 2)
1098 3652 1179 3722 nunc]
1202 3660 1219 3706 ir
1242 3654 1291 3707 eod
1311 3669 1381 3706 erus
1403 3649 1434 3703 M

291 3743 306 3794 7
327 3742 429 3795 seruire
447 3743 476 3794 P
491 3746 536 3811 (su.
556 3746 585 3811 2)
604 3743 640 3794 M
745 3744 775 3796 in
794 3743 1009 3797 sanctificatione
1028 3741 1083 3798 AR
1190 3742 1207 3796 8
1227 3744 1298 3795 enim
1318 3745 1358 3794 est
1377 3739 1432 3794 edd.

294 3831 327 3884 10
345 3835 421 3884 ruetn
439 3836 551 3899 surgeat
568 3831 687 3901 rciryulis
705 3849 774 3886 corr.
793 3833 821 3885 P
911 3833 941 3885 ll
964 3831 1080 3886 delectio
1099 3833 1126 3884 A
1224 3831 1256 3884 16
1275 3832 1392 3884 seruitus
1411 3827 1433 3881 R

292 3921 324 3972 l‘r’
344 3937 360 3971 u
379 3936 430 3972 om.
448 3920 486 3972 M
554 3921 751 3974 uoluntatem
768 3922 939 3989 nolumptete
957 3921 985 3974 P
1049 3921 1081 3974 18
1100 3937 1133 3974 ne
1152 3919 1243 3973 MFA
1316 3918 1433 3988 quisque.

289 4025 323 4059 en.
344 4012 364 4060 2
382 4009 523 4078 quisquam
543 4009 580 4062 P¹
600 4010 743 4078 qnisquam
761 4010 822 4064 eud.
902 4011 948 4079 qni
966 4011 998 4063 in
1016 4025 1071 4064 rae.
1091 4027 1125 4063 m.
1144 4013 1160 4062 1
1178 4007 1208 4062 F
1298 4007 1432 4077 ispum

290 4113 341 4150 om,
361 4097 390 4148 P
459 4098 606 4152 committit
624 4099 652 4153 R
724 4101 788 4168 qno]
808 4098 880 4169 quod
900 4099 977 4153 codd.
997 4099 1040 4167 (iu
1053 4100 1081 4152 P
1100 4098 1116 4151 d
1136 4099 1198 4166 del.)
1218 4098 1291 4168 qnod
1310 4115 1357 4167 per
1376 4094 1437 4160 aas

289 4185 324 4238 20
344 4185 477 4239 cruciatos
496 4187 534 4239 M
638 4190 781 4241 secuturus
799 4187 883 4243 ΓΑΕ
981 4190 1013 4241 21
1035 4188 1149 4242 amando
1169 4187 1206 4240 M
1312 4185 1434 4255 operibns

289 4276 347 4328 eins
369 4275 406 4326 M
