3092 4959
456 471 718 541 epistularum
747 471 851 527 CXXV.
875 469 993 527 CXXVI.
1279 478 1296 539 7

146 664 219 729 eius
239 664 381 730 moribus
401 669 432 729 et
450 664 521 743 fido,
542 684 636 747 quem
652 665 779 731 Christo
798 669 831 729 et
849 665 1002 731 ecclesiae
1021 665 1161 729 debitam
1180 670 1296 730 seruat.

146 791 221 836 nam
245 779 283 837 nt
306 773 459 849 omittam,
480 772 565 856 quod
587 792 713 838 mecum
737 774 832 851 nosti,
857 792 953 855 quam
976 773 1020 836 sit
1041 774 1239 837 tremendum
1259 772 1297 837 de

146 878 288 960 periurio
313 878 457 943 diuinum
479 878 643 957 indicium,
662 879 742 943 illud
767 882 850 943 certe
874 879 950 955 scio,
969 878 1050 943 nulli
1072 898 1130 943 nos
1150 878 1296 961 deinceps

146 1004 334 1051 suscensere
359 984 481 1064 debere,
502 986 556 1066 qui
575 986 666 1051 nobis
689 986 869 1050 iurantibus
887 1005 948 1050 non
972 985 1149 1063 crediderit,
1171 986 1199 1049 si
1221 986 1296 1050 talis

112 1092 209 1155 eniri
233 1091 404 1173 periurium
428 1111 489 1156 non
513 1091 606 1157 modo
631 1110 731 1174 aequo
754 1093 858 1156 animo
876 1091 1040 1157 serendum
1063 1110 1176 1157 uerum
1199 1091 1297 1156 etiam

146 1198 380 1263 defendendum
411 1198 605 1280 putabimus.
638 1198 723 1281 quod
755 1198 933 1264 etanobis
962 1202 995 1263 et
1022 1198 1060 1263 ab
1088 1198 1144 1263 illo
1173 1200 1297 1263 auertat

145 1303 235 1368 illius
263 1303 488 1382 misericordia,
519 1304 574 1388 qui
606 1305 688 1369 eruit
715 1324 733 1367 a
759 1305 967 1387 temptatione
1000 1308 1162 1388 sperantes
1190 1304 1222 1367 in
1250 1323 1295 1370 se.

146 1408 232 1473 sicut
259 1428 333 1494 ergo
361 1411 392 1475 in
421 1411 660 1476 commonitorio
688 1411 893 1493 rescripsisti,
926 1411 1059 1492 impleat
1089 1410 1295 1494 promissum,

146 1515 233 1597 quod
256 1514 302 1579 ita
330 1535 364 1579 se
391 1517 540 1599 promisit
568 1517 606 1581 ab
629 1516 777 1600 Hippone
805 1537 866 1583 non
893 1536 1105 1595 reoessumm,
1133 1535 1228 1599 quem
1256 1515 1295 1580 ad

96 1646 126 1686 ro
144 1622 277 1687 modum
311 1642 368 1707 ego
400 1625 453 1689 nel
489 1624 552 1707 ipsi
584 1624 820 1708 Hipponienses
856 1644 919 1690 non
955 1624 1144 1701 recedimus,
1178 1623 1294 1706 quibus

144 1734 253 1794 tamen
282 1734 315 1795 et
342 1730 477 1796 abeundi
505 1735 537 1796 et
564 1732 716 1795 redeundi
744 1732 880 1796 facultas
908 1731 1093 1812 estimem,
1120 1730 1181 1795 nisi
1211 1728 1295 1812 quod

144 1836 206 1915 his,
232 1838 287 1918 qui
313 1838 469 1904 iuratione
497 1858 557 1903 non
586 1838 775 1916 detinentur,
799 1839 895 1903 etiam
923 1840 1049 1903 omnino
1079 1841 1112 1903 et
1137 1835 1294 1921 migrandi

144 1946 178 2007 et
199 1960 262 2007 non
285 1944 437 2009 redeundi
460 1946 528 2009 sine
551 1945 681 2027 periurii
704 1948 795 2010 reatu
817 1949 959 2029 potestas
984 1950 1043 2012 est.

72 2047 93 2108 5
191 2049 331 2115 Olericos
356 2070 430 2117 sane
453 2054 578 2117 nostros
602 2053 790 2117 nedfratres
820 2053 853 2116 in
880 2052 1071 2117 monasterio
1101 2050 1294 2115 constitutos

96 2178 124 2219 rs
143 2157 315 2240 participes
339 2160 392 2223 uel
415 2160 592 2224 hortatores
615 2159 716 2224 fuisse
740 2160 1003 2225 contumeliarum
1032 2162 1157 2222 tuarum
1185 2161 1292 2220 utrum

143 2264 272 2345 probari
293 2266 407 2345 possit,
430 2265 548 2349 ignoro.
580 2286 651 2330 nam
676 2284 746 2331 cum
773 2267 833 2330 hoc
861 2265 1068 2347 quaesissem,
1092 2264 1214 2329 dictum
1244 2265 1295 2327 est

143 2363 245 2434 unuin
273 2373 397 2435 tantum
426 2371 520 2435 modo
549 2370 827 2456 Carthaginensem
852 2372 889 2436 de
917 2373 1108 2435 monasterio
1139 2369 1293 2435 clamasse

144 2496 217 2542 cnm
242 2479 372 2561 populo,
392 2497 463 2543 cnm
487 2479 580 2543 illum
603 2480 823 2562 presbyterum
845 2483 998 2563 peterent,
1022 2497 1084 2543 non
1109 2497 1180 2542 cnm
1205 2478 1237 2540 in
1261 2481 1294 2539 te

142 2584 276 2669 indigna
301 2584 463 2649 iactarent.
497 2583 623 2648 adiunxi
655 2584 730 2649 huic
758 2584 915 2668 epistulae
941 2583 1044 2666 ipsius
1071 2582 1292 2665 promissionis

96 2712 124 2752 so
143 2691 323 2773 exemplum
340 2709 375 2754 er
391 2689 533 2755 chartula
552 2690 662 2755 eadem
680 2690 880 2769 translatum,
895 2710 990 2773 qnam
1003 2691 1072 2772 ipse
1092 2687 1294 2771 subscripsit,

143 2802 176 2861 et
198 2816 250 2861 me
273 2796 460 2879 inspiciente
484 2798 696 2862 emendatum.

649 2987 788 3053 CXXVI.

140 3124 313 3181 DOMINAE
341 3125 505 3181 SANCTAH
528 3126 574 3181 Ac
597 3126 822 3181 VENERABILI
847 3128 1019 3183 FAMULAH
1042 3127 1106 3181 DEI
1131 3126 1293 3181 naaman

386 3214 620 3271 AUGUSTINUS
637 3216 678 3271 IN
702 3216 850 3271 DOMINO
870 3216 1046 3271 SALUTEM.

45 3346 62 3408 1
93 3370 121 3411 aa
185 3341 336 3407 Dolorem
365 3344 461 3407 animi
489 3344 548 3421 tui,
578 3363 671 3425 quem
699 3346 732 3408 to
761 3344 874 3410 scribis
904 3344 1059 3427 explicare
1090 3361 1151 3409 non
1185 3361 1291 3424 posse,

140 3448 299 3514 consolari
322 3468 458 3531 aequum
483 3456 541 3528 est,
565 3470 626 3515 non
651 3470 777 3535 augere,
800 3455 847 3530 ut,
868 3451 896 3515 si
913 3450 983 3515 fieri
1000 3452 1118 3532 potest,
1141 3468 1291 3514 sanemus

141 3556 341 3640 suspiciones
369 3562 453 3636 tuas,
481 3577 542 3622 non
570 3560 608 3622 ut
640 3558 686 3623 eis
719 3577 774 3641 pro
808 3564 916 3623 nostra
948 3576 1045 3623 causa
1077 3555 1292 3622 suscensendo

232 3747 247 3799 7
266 3746 311 3799 Ps.
333 3744 375 3809 17,
394 3746 442 3809 30;
462 3746 490 3799 II
508 3746 583 3801 Petr.
602 3748 627 3810 2,
647 3748 664 3801 9

176 3871 303 3925 2omitti
328 3869 355 3924 U
400 3870 516 3939 dpr.et
534 3886 585 3925 om.
610 3870 666 3925 VU
712 3873 817 3942 9quo·
834 3872 863 3941 (d
882 3876 962 3937 erae.)
986 3870 1013 3924 V
1029 3888 1082 3940 quo
1101 3870 1162 3927 edd,
1224 3888 1290 3940 qne-

139 3958 308 4013 admoddT
379 3958 412 4011 10
429 3958 592 4029 ipponenses
616 3958 671 4014 VU
686 3960 876 4030 Hipponenses
895 3959 955 4014 edd.
1029 3959 1138 4029 quibus]
1159 3976 1211 4031 qne
1235 3959 1292 4013 VU

140 4049 171 4102 11
188 4065 235 4118 pr.
255 4051 284 4101 et
302 4062 353 4101 om.
378 4046 432 4102 VU
485 4048 517 4100 12
536 4047 639 4102 hiisV
692 4050 724 4103 13
744 4050 801 4103 siue
825 4048 853 4103 U
900 4049 932 4102 17
952 4046 1207 4118 Carthaginensium
1227 4047 1288 4101 edd.

139 4137 173 4193 20
193 4138 235 4207 ex]
256 4139 286 4191 ct
308 4134 335 4188 U
404 4137 462 4207 ipse
480 4140 572 4191 transc
591 4138 750 4208 subscripsit
769 4141 871 4204 (transc
890 4138 959 4207 exp.)
983 4136 1010 4189 U

226 4260 308 4315 Idem
327 4259 438 4327 codices,
457 4262 506 4331 qai
523 4262 554 4316 in
573 4278 611 4330 ep.
634 4261 764 4316 CXXIV
782 4269 808 4315 et
829 4261 947 4315 CXXV.

172 4386 205 4440 27
227 4383 280 4452 eis]
302 4399 348 4436 eas
370 4383 396 4437 T
466 4384 652 4439 succendendo
677 4385 702 4437 T
