3092 4959
559 353 823 424 epistularum
853 353 930 407 CXL.
1254 357 1317 418 201

171 550 317 616 sensibus
342 550 481 632 eorporis
507 549 659 624 adiuuent,
680 549 746 613 ullo
771 549 967 613 demonstrat
990 548 1154 632 exemplo?
1177 567 1214 612 en
1239 549 1320 612 forte

170 659 225 721 lux
253 657 367 721 caritas
396 675 455 721 non
485 659 555 721 est?
584 656 657 721 audi
686 656 868 739 apostolum
890 655 1076 730 Iobennem3
1107 655 1175 738 ipse
1204 656 1320 738 quippe

170 763 260 837 dixit,
284 763 369 845 quod
397 763 490 829 ruodo
520 763 782 828 commemoraui:
813 760 1006 840 Quoniam
1036 762 1135 825 deus
1163 763 1230 826 lux
1258 765 1321 827 est

171 874 210 932 et
242 871 434 935 tenebrae
466 871 505 934 in
539 888 581 934 eo
615 888 689 934 non
723 871 819 933 sunt
852 869 973 944 ullae,
1007 869 1059 951 qui
1089 887 1199 933 rursus
1228 869 1319 933 dicit:

135 977 277 1042 oileus
302 977 455 1041 caritas
479 979 551 1041 est.
579 995 615 1041 ae
638 996 693 1058 per
715 977 786 1053 boo,
812 977 840 1040 si
863 975 962 1040 deus
985 975 1052 1038 lur
1077 979 1140 1038 est
1163 980 1195 1039 et
1223 976 1321 1040 deus

170 1083 324 1148 caritas
354 1087 425 1148 est.
449 1083 590 1165 profecto
620 1084 771 1148 caritas
795 1084 850 1148 lun
872 1083 944 1165 ipsa
972 1086 1032 1157 est,
1061 1101 1142 1164 quae
1173 1081 1321 1146 diffun-

171 1190 286 1254 ditur
317 1191 356 1253 in
390 1190 583 1256 cordibus
616 1191 772 1255 nostris
802 1209 871 1271 per
899 1189 1093 1272 spiritum
1123 1191 1320 1266 sanetum,

170 1298 239 1378 qui
272 1296 392 1361 datus
426 1300 488 1361 est
520 1297 646 1362 nobis.
680 1297 756 1362 item
792 1296 883 1361 dicit:
922 1295 997 1376 Qui
1032 1295 1119 1361 odit
1151 1296 1319 1360 fratrem

171 1423 296 1478 sunm,
316 1405 355 1468 in
375 1403 559 1468 tenebris
580 1407 642 1468 est
660 1423 791 1485 usque
811 1403 950 1467 adhue.
969 1403 1050 1466 istae
1070 1405 1145 1467 sunt
1163 1403 1321 1475 tenebrae,

122 1537 149 1575 ιο
169 1509 201 1573 in
227 1529 304 1590 quas
330 1510 475 1575 diabolus
499 1515 532 1573 et
555 1510 657 1594 angeli
684 1511 752 1574 eius
772 1510 910 1573 multum
930 1508 1140 1591 superbiendo
1160 1507 1322 1591 progressi

170 1618 254 1680 sunt.
280 1617 436 1681 caritas
461 1618 544 1680 eninr
567 1636 642 1681 non
668 1617 908 1692 aemulatur,
932 1635 1006 1680 non
1030 1615 1225 1692 inflatum
1249 1615 1321 1678 ideo

168 1741 230 1786 non
256 1725 444 1800 aemuletur,
469 1723 626 1804 quianon
650 1723 795 1797 inflatum
818 1724 874 1788 ubi
900 1723 982 1787 enim
1005 1721 1166 1804 praeeedit
1188 1721 1322 1797 inflatio,

170 1832 321 1896 contiuuo
359 1831 504 1912 sequitur
541 1830 721 1904 aemulatio,
761 1831 907 1914 quoniam
946 1829 1096 1912 superbia
1136 1831 1238 1892 mater
1273 1833 1323 1892 est

170 1936 375 2002 inuidentiee.

45 2054 91 2116 55
120 2069 149 2109 rs
214 2043 370 2108 Diabolus
394 2045 492 2128 igitur
516 2049 547 2108 et
570 2045 674 2127 angeli
698 2044 766 2108 eius
788 2043 895 2107 aluee
920 2047 1014 2124 atque
1034 2045 1156 2106 feruore
1181 2041 1322 2106 ueritatis

175 2151 279 2213 auersi
312 2154 344 2214 et
375 2151 469 2215 nimis
502 2151 533 2215 in
567 2152 746 2234 superbiam
780 2151 997 2232 inuidiamque
1036 2149 1195 2233 progressi
1231 2149 1324 2212 uelut

173 2257 304 2338 glaciali
331 2256 448 2321 duritia
474 2261 668 2340 torpuerunt.
699 2263 730 2320 et
757 2257 828 2321 ideo
856 2275 912 2338 per
938 2257 1071 2340 liguram
1101 2261 1263 2337 tamquam
1291 2255 1321 2318 iu

173 2361 321 2445 aquilone
343 2365 514 2445 ponuntur.
540 2364 634 2440 unde,
659 2383 731 2428 eum
760 2364 865 2447 generi
893 2364 1032 2427 hnmano
1061 2361 1206 2425 diabolus
1234 2361 1320 2424 ineu-

173 2468 272 2548 beret,
296 2474 430 2534 uenture
453 2471 554 2554 gratia
578 2471 747 2535 saluatoris
771 2471 889 2534 dieitur
910 2471 942 2534 iu
966 2469 1088 2534 nautico
1112 2469 1319 2533 cantieorum:

122 2607 151 2645 ro
171 2577 367 2660 Exsurge,
398 2578 546 2660 aquilo,
576 2581 614 2642 et
637 2579 740 2656 ueni,
765 2582 914 2655 auster,
940 2581 978 2641 et
1001 2576 1133 2659 perfla
1157 2576 1318 2640 bortum

170 2702 299 2747 meum
325 2686 363 2747 et
386 2683 522 2748 fluent
546 2689 734 2748 aromata.
760 2704 903 2768 exsurge.
929 2685 983 2765 qui
1007 2683 1144 2748 innuisti.
1169 2683 1224 2764 qui
1247 2682 1322 2746 sub-

170 2789 249 2854 ditis
285 2790 454 2866 incumbis,
493 2791 545 2872 qui
583 2811 751 2873 possessos
787 2792 922 2874 premis;
960 2810 1103 2876 exsurge,
1140 2794 1177 2854 ut
1209 2809 1228 2853 a
1265 2792 1320 2853 tuo

169 2896 309 2979 pondere
328 2897 461 2962 releueti
480 2897 652 2981 erigantur,
673 2917 807 2981 quorum
826 2899 948 2962 animas
970 2897 1139 2979 premendo
1163 2896 1319 2968 euruasti;

171 3007 212 3067 et
240 3004 343 3082 ueni,
378 3009 526 3079 auster,
559 3005 664 3086 iuquit
692 3005 840 3087 spiritum
868 3005 1020 3069 inuocans
1050 3003 1169 3087 gratiae
1192 3001 1321 3066 flantem

119 3139 149 3178 2⁵
170 3109 210 3172 de
243 3110 374 3175 meridie
405 3112 496 3176 uelut
529 3131 547 3175 a
579 3115 667 3194 parte
699 3112 823 3176 feruida
856 3116 887 3176 et
918 3112 1087 3186 luminosa,
1119 3113 1156 3173 ut
1187 3109 1321 3172 fluant

262 3334 468 3402 errones
532 3336 724 3400 enonas
790 3336 1011 3403 erronum
1077 3334 1321 3401 uraniae

169 3421 405 3490 eocarere

210 3548 332 3602 learnis
350 3547 410 3602 edd.
484 3549 651 3605 demonstret
670 3551 729 3606 edri.
744 3558 859 3620 praeter
877 3569 896 3604 a
950 3550 1083 3603 icaritas
1103 3549 1147 3603 lux
1165 3566 1218 3601 non
1239 3549 1322 3602 estR

168 3639 217 3691 lnx
235 3653 290 3690 non
309 3639 352 3689 est
370 3637 469 3692 caritas
487 3639 547 3695 edo.
624 3640 777 3710 apostolum
798 3640 933 3693 dicentem
952 3639 1099 3691 iohannem
1118 3638 1245 3706 Eugippi
1263 3638 1320 3690 eod.

174 3725 241 3779 Vel.
322 3726 380 3794 ipre
400 3733 415 3779 e
434 3727 480 3796 qui
499 3727 632 3797 peliritT
694 3729 870 3798 3quoniam]
891 3729 963 3798 quod
985 3728 1040 3782 GT
1102 3728 1192 3780 ⁴lnou
1211 3726 1321 3779 suntin

170 3832 204 3870 eo
223 3813 284 3869 edd.
357 3831 461 3868 rursum
480 3817 540 3871 edd.
605 3818 680 3887 διο]
701 3817 751 3871 hae
771 3818 797 3869 L
860 3817 978 3871 Birutre
1000 3817 1024 3868 [A
1088 3817 1119 3869 11
1139 3833 1194 3868 non
1212 3813 1323 3868 infletur

167 3903 233 3958 ideo
253 3917 306 3954 non
327 3904 479 3958 aemulatur
496 3923 546 3960 om.
567 3907 594 3962 R
651 3909 683 3962 12
702 3907 848 3977 praecedet
865 3907 989 3975 Eooimri
1007 3906 1065 3959 cod.
1091 3905 1153 3960 Vae.
1206 3903 1238 3956 13
1258 3919 1321 3956 con-

170 3994 249 4046 tinno
268 4007 320 4045 om.
344 3989 370 4043 Τ
423 3994 456 4046 14
474 3995 594 4050 inuidiae
617 3996 672 4049 GT
726 3997 757 4049 17
778 3996 891 4065 duritie]
911 3994 1016 4048 inuidia
1038 3995 1063 4046 Τ
1116 3994 1149 4046 18
1168 3992 1321 4061 aquilonem

167 4077 254 4135 LOR
309 4093 408 4146 genere
427 4080 454 4136 R
490 4083 524 4136 20
544 4087 572 4136 et
591 4090 656 4138 onte
675 4085 758 4154 perfla
777 4102 828 4139 em.
848 4083 907 4137 eoo.
927 4099 978 4135 see.
1005 4082 1079 4151 l'ulg.
1136 4083 1224 4134 ortum
1239 4079 1323 4134 LGT

169 4175 203 4227 21
226 4167 410 4243 qui-(fuitne
428 4179 479 4247 n?)
498 4175 649 4230 irruistiT
721 4176 755 4228 22
775 4179 808 4227 nt
825 4191 885 4230 om..
905 4190 939 4225 m.
960 4176 980 4224 2
998 4171 1065 4224 adri.
1088 4172 1113 4224 T
1202 4171 1228 4239 a]
1249 4175 1278 4223 at
1296 4171 1322 4223 L

169 4275 205 4329 24
225 4273 332 4342 gratiae
346 4288 396 4326 em.
410 4269 535 4338 Eugippr'
549 4267 606 4320 eorl.
627 4265 689 4318 Vel.
745 4265 828 4318 flante
843 4261 924 4316 LOR
966 4261 999 4313 25
1018 4277 1035 4314 a
1054 4261 1142 4330 parte]
1161 4263 1255 4329 aperte
1270 4259 1322 4313 LO
