3092 4959
279 389 344 452 344
641 387 668 440 S.
697 387 834 442 Aureli
863 389 1079 458 Augustini

279 580 367 654 iacit,
384 581 438 663 qui
454 582 734 664 anthropomorphi
749 586 836 660 sunt,
852 583 906 666 qui
918 582 1029 647 dicunt
1043 582 1138 646 deum
1153 583 1270 649 habere
1283 584 1430 652 membra.

281 708 361 771 quae
394 689 490 761 etiam
521 708 579 754 uos
611 690 779 756 habemus.
811 690 902 756 uerbi
934 709 1031 756 eausa
1062 690 1181 754 dieitur
1213 690 1293 755 deus
1321 691 1432 756 habere

281 796 407 862 oeulos:
440 796 525 861 oculi
554 795 673 860 domiui
702 795 880 878 respiciunt
912 797 1030 872 omniur
1064 816 1177 862 manus
1211 797 1331 862 domini
1359 797 1432 862 iacit

281 903 400 978 omuia3
444 906 477 968 et
513 902 648 981 audiuit,
688 903 805 985 inquit,
842 903 944 968 Adam
983 923 1096 970 sonum
1133 905 1253 987 pedum
1295 903 1431 969 domini

282 1010 563 1076 deambulantis
600 1010 637 1074 in
673 1010 863 1093 paradiso.
900 1011 979 1076 haee
1012 1007 1202 1093 simplieiter
1238 1011 1375 1075 audiunt
1404 1017 1469 1076 ers

281 1117 437 1182 humanas
469 1116 695 1182 inbecillitates
728 1115 769 1181 ad
802 1116 853 1180 dei
890 1117 1157 1201 magnificentiam
1195 1117 1345 1182 referunt.
1377 1136 1432 1201 ego

281 1227 389 1290 autem
409 1222 491 1302 dieo,
512 1223 596 1305 quod
616 1223 695 1288 deus
714 1226 803 1288 totus
824 1223 937 1288 ooulus
957 1225 1017 1302 est,
1036 1225 1125 1288 totus
1140 1241 1254 1287 manus
1274 1225 1333 1300 est,
1348 1227 1433 1288 totus

282 1349 338 1412 pes
363 1331 421 1395 est.
445 1334 534 1395 totus
558 1331 672 1395 oculus
693 1332 753 1408 est,
778 1329 853 1412 quis
875 1329 981 1394 omnia
1004 1330 1106 1406 uidet;
1131 1333 1221 1395 totus
1244 1347 1359 1394 manus
1378 1337 1432 1407 est,

283 1437 358 1518 quia
385 1437 492 1502 omnia
518 1441 679 1520 operatum
713 1440 803 1502 totus
832 1455 888 1520 pes
917 1440 977 1512 est,
1010 1437 1086 1519 quia
1117 1436 1240 1517 ubique
1273 1437 1331 1500 est
1364 1453 1433 1519 ergo

283 1529 400 1621 uidete,
424 1544 501 1627 qnid
525 1543 625 1609 diem:
649 1545 721 1624 Qui
743 1545 938 1627 piontauit
966 1563 1101 1618 eurem,
1131 1563 1200 1608 non
1231 1542 1382 1608 audiet?
1406 1551 1434 1606 et
1450 1561 1470 1600 o

282 1670 345 1717 non
364 1650 443 1715 dixit
465 1651 533 1734 ‘qui
550 1651 719 1734 plantarum,
742 1671 817 1735 ergo
836 1652 906 1734 ipse
925 1671 1032 1717 aurem
1052 1671 1114 1717 uon
1134 1651 1255 1726 habet&
1280 1669 1341 1716 uon
1361 1648 1433 1713 dixit

284 1764 369 1841 ‘ergo
392 1758 462 1839 ipse
485 1757 595 1824 oeulos
618 1777 681 1823 nou
704 1757 825 1834 habot’;
849 1757 906 1822 sed
930 1757 1006 1841 quid
1030 1757 1131 1823 dixit?
1156 1757 1219 1840 qui
1243 1756 1432 1839 plantauit
1543 1759 1544 1822 4

284 1881 419 1943 aurem,
441 1883 512 1928 nou
536 1863 688 1929 audiet?
707 1864 770 1947 qui
795 1865 908 1929 finxit
927 1863 1087 1942 oculum,
1108 1883 1178 1929 non
1198 1865 1431 1932 considerati
1543 1925 1544 1960 p

283 1970 428 2034 memora
448 1970 535 2046 tum,
560 1969 749 2036 efficientias
773 1971 882 2036 raom.
985 2041 987 2044 ,
1543 1963 1544 2046 l

219 2085 260 2148 15
328 2076 417 2141 Haeo
440 2076 547 2140 omnio
569 2075 608 2140 de
631 2076 748 2142 litteris
777 2095 886 2142 eorum
910 2081 943 2142 et
965 2077 1151 2142 Latinorum
1177 2081 1209 2141 et
1234 2075 1430 2144 Graecorum.
1446 2087 1466 2133 1⁵
1543 2053 1544 2076 ³

285 2184 341 2265 qui
363 2183 483 2266 priores
508 2182 599 2248 nobis
617 2183 650 2247 in
670 2183 828 2248 catholiea
852 2183 989 2248 ecclesia
1011 2184 1158 2248 uiuentes
1182 2183 1292 2249 diuina
1314 2182 1430 2264 eloquia

284 2293 513 2368 tremuerunt,
549 2289 621 2354 ideo
654 2290 931 2362 oommemorenda
965 2290 1137 2355 arbitratus
1173 2310 1257 2368 sum,
1290 2295 1329 2354 ut
1359 2289 1430 2354 solat

284 2395 347 2462 iste
365 2397 471 2477 irater,
494 2397 522 2460 si
542 2395 619 2478 quid
637 2397 731 2460 aliter
750 2415 846 2478 quarn
864 2395 921 2460 isti
940 2397 1047 2474 sentit,
1068 2396 1214 2479 deposita
1233 2393 1428 2462 dissensionis

286 2502 496 2569 amaritudine
511 2507 544 2567 et
555 2503 712 2568 fraternae
731 2502 874 2566 caritatis
895 2503 1055 2567 suauitate
1070 2503 1100 2566 in
1115 2503 1276 2588 integrum
1291 2503 1428 2568 restituta

286 2616 381 2693 atque
400 2614 529 2674 seruata
546 2609 694 2693 diligenti
712 2612 746 2674 et
761 2609 935 2692 tranquilla
955 2609 1206 2675 consideratione
1225 2607 1425 2692 quaerendum
1440 2623 1463 2664 s

286 2717 340 2781 uel
363 2716 550 2782 discendum
573 2716 627 2780 uel
646 2715 834 2781 docendum.
859 2735 960 2798 neque
985 2717 1068 2781 enim
1093 2717 1312 2799 quorumlibet
1334 2715 1426 2797 dispu-

285 2823 423 2889 tationes
447 2823 595 2906 quamuis
619 2823 849 2888 catholicorum
874 2827 907 2887 et
928 2823 1129 2888 laudatorum
1157 2823 1322 2888 homiuum
1349 2819 1426 2885 uelut

287 2930 462 3014 scripturas
482 2931 649 2995 canonicas
668 2929 785 2995 habere
805 2929 967 3010 debemus,
990 2929 1136 2995 utnobis
1155 2947 1215 2994 nou
1235 2929 1332 2994 lineat
1349 2927 1425 2993 salua
1542 3009 1543 3012 Ἴ

287 3036 535 3116 honoriticentia,
560 3055 639 3118 quae
662 3036 728 3100 illis
752 3035 885 3101 debetur
908 3035 1103 3116 hominibus,
1132 3035 1254 3119 aliquid
1277 3037 1309 3101 in
1333 3049 1424 3100 eorum
1542 3033 1543 3046 ¹

378 3281 396 3334 4
416 3280 483 3336 Gen.
503 3279 528 3344 3,
548 3279 565 3334 8

326 3403 339 3456 1
361 3402 649 3473 anthropomorphitae
667 3401 728 3457 edd.
742 3407 857 3470 praeter
876 3419 895 3456 a
912 3402 1030 3458 Hieron.
1116 3403 1133 3456 2
1153 3401 1272 3458 adicitur
1289 3403 1321 3458 F
1335 3401 1425 3456 dicatur

288 3493 405 3547 Hieron.
461 3493 580 3562 doouli]
601 3492 665 3562 quia
683 3492 756 3547 oeuli
773 3509 801 3546 m
872 3509 968 3547 monus
989 3491 1034 3546 dei
1052 3491 1119 3548 iaeit
1136 3491 1256 3554 Hieron.
1319 3489 1425 3547 elom

289 3599 340 3635 om.
360 3582 388 3634 P
470 3598 611 3652 sompnum
631 3587 688 3652 (nrp
707 3581 827 3651 asp.)V
901 3581 1016 3652 podium
1036 3583 1064 3636 A
1154 3581 1276 3652 Spesliii
1294 3586 1319 3646 (a
1336 3581 1425 3634 inrar-

290 3688 324 3724 m.
346 3674 362 3723 1
384 3674 411 3723 et
433 3669 560 3740 deinceps
580 3687 638 3724 ror.
662 3673 736 3724 1—a
760 3671 790 3738 l.)
812 3670 843 3725 F
932 3671 965 3724 10
988 3669 1093 3740 uidete]
1118 3669 1229 3724 uidetur
1251 3669 1309 3724 FP
1329 3667 1426 3724 uideA

325 3759 430 3828 audiet]
455 3758 549 3813 audiet
571 3763 620 3814 aut
643 3761 690 3828 qui
713 3760 791 3814 fiuxit
815 3760 907 3814 oculos
925 3775 979 3813 nou
999 3759 1155 3814 considerat
1173 3759 1235 3813 edd.
1343 3763 1369 3811 et
1384 3770 1426 3809 osr-
1541 3767 1542 3772 ’

288 3849 407 3903 Hieron.
459 3849 491 3902 ll
511 3849 657 3919 plantauit]
676 3849 816 3918 plantsuit
835 3865 924 3902 eurem
948 3847 1050 3904 Tedci.
1070 3847 1187 3901 Hieron.
1240 3849 1274 3901 12
1294 3843 1425 3901 ooulumA
1541 3837 1542 3886 l

281 3937 401 4008 ·qnid]
422 3939 469 4007 qui
486 3937 515 3993 R
585 3938 617 3991 13
636 3938 695 4006 qui]
715 3940 744 3991 et
763 3937 810 4006 qui
827 3937 945 3992 Hieron.
1019 3936 1113 3990 oeulos
1131 3931 1306 3990 Furcas.
1324 3931 1424 3988 Hieron

295 4029 328 4080 15
338 4033 367 4080 et
377 4029 536 4096 graecorum
546 4030 575 4080 et
582 4026 729 4080 latinorum
739 4026 810 4080 P¹V
845 4027 877 4078 17
892 4027 961 4080 sciat
975 4025 1039 4094 iste]
1054 4023 1124 4078 scias
1134 4027 1162 4078 te
1172 4025 1200 4077 A
1239 4017 1424 4093 18istilirteil

291 4117 351 4170 «Μ»
369 4120 481 4184 praeter
497 4131 525 4168 m
542 4115 584 4168 ita
601 4114 671 4168 ΡΨ
748 4115 835 4168 sends
853 4115 880 4168 A
972 4114 1006 4168 19
1025 4118 1136 4167 seruata
1154 4117 1237 4182 atque
1257 4114 1286 4167 in
1304 4113 1422 4180 integrum

290 4205 420 4258 restituta
437 4203 498 4257 edd.
554 4203 589 4258 20
608 4203 747 4274 diligenti]
767 4220 784 4257 a
802 4201 929 4273 diligenti
948 4199 978 4256 F
1048 4201 1195 4274 querenido
1214 4201 1244 4256 P
1296 4201 1327 4254 21
1346 4197 1421 4266 dispu-

291 4292 406 4346 tationis
424 4293 483 4345 A·
799 4313 802 4316 ·
849 4291 850 4298 ’
916 4291 919 4298 “
