<?xml version="1.0" encoding="UTF-8"?>
<!DOCTYPE html PUBLIC "-//W3C//DTD XHTML 1.0 Transitional//EN"
    "http://www.w3.org/TR/xhtml1/DTD/xhtml1-transitional.dtd">
<html xmlns="http://www.w3.org/1999/xhtml" xml:lang="en" lang="en">
 <head>
  <title>
</title>
<meta http-equiv="Content-Type" content="text/html;charset=utf-8" />
  <meta name='ocr-system' content='tesseract 3.04.00' />
  <meta name='ocr-capabilities' content='ocr_page ocr_carea ocr_par ocr_line ocrx_word'/>
</head>
<body>
  <div class='ocr_page' id='page_1' title='image "./corpusscriptoru05wissgoog_0233.png"; bbox 0 0 3092 4959; ppageno 0'>
   <div class='ocr_carea' id='block_1_1' title="bbox 497 363 1258 434">
    <p class='ocr_par' dir='ltr' id='par_1_1' title="bbox 497 363 1258 434">
     <span class='ocr_line' id='line_1_1' title="bbox 497 363 1258 434; baseline 0.02 -17"><span class='ocrx_word' id='word_1_1' title='bbox 497 363 763 434; x_wconf 77' lang='lat' dir='ltr'><strong>epistularum</strong></span> <span class='ocrx_word' id='word_1_2' title='bbox 791 363 869 420; x_wconf 70' lang='lat' dir='ltr'><strong>cxi.</strong></span> <span class='ocrx_word' id='word_1_3' title='bbox 1194 369 1258 432; x_wconf 84' lang='grc'><strong>199</strong></span> 
     </span>
    </p>
   </div>
   <div class='ocr_carea' id='block_1_2' title="bbox 17 557 1258 3204">
    <p class='ocr_par' dir='ltr' id='par_1_2' title="bbox 17 557 1258 3204">
     <span class='ocr_line' id='line_1_2' title="bbox 115 557 1257 644; baseline 0.003 -21"><span class='ocrx_word' id='word_1_4' title='bbox 115 579 169 625; x_wconf 88' lang='lat' dir='ltr'><strong>nun</strong></span> <span class='ocrx_word' id='word_1_5' title='bbox 202 559 296 624; x_wconf 87' lang='lat' dir='ltr'><strong>debet</strong></span> <span class='ocrx_word' id='word_1_6' title='bbox 328 559 390 624; x_wconf 88' lang='lat' dir='ltr'><strong>sibi</strong></span> <span class='ocrx_word' id='word_1_7' title='bbox 421 557 600 636; x_wconf 85' lang='lat' dir='ltr'><strong>tribuendo,</strong></span> <span class='ocrx_word' id='word_1_8' title='bbox 635 558 719 640; x_wconf 85' lang='lat' dir='ltr'><strong>qued</strong></span> <span class='ocrx_word' id='word_1_9' title='bbox 752 558 803 623; x_wconf 88' lang='lat' dir='ltr'><strong>dei</strong></span> <span class='ocrx_word' id='word_1_10' title='bbox 835 563 895 636; x_wconf 84' lang='lat' dir='ltr'><strong>est,</strong></span> <span class='ocrx_word' id='word_1_11' title='bbox 928 560 974 624; x_wconf 86' lang='lat' dir='ltr'><strong>ita</strong></span> <span class='ocrx_word' id='word_1_12' title='bbox 1006 561 1144 644; x_wconf 83' lang='lat' dir='ltr'><strong>gloriari,</strong></span> <span class='ocrx_word' id='word_1_13' title='bbox 1177 566 1257 626; x_wconf 85' lang='lat' dir='ltr'><strong>tam-</strong></span> 
     </span>
     <span class='ocr_line' id='line_1_3' title="bbox 115 665 1256 748; baseline 0.003 -18"><span class='ocrx_word' id='word_1_14' title='bbox 115 685 203 748; x_wconf 82' lang='lat' dir='ltr'><strong>quam</strong></span> <span class='ocrx_word' id='word_1_15' title='bbox 235 685 296 730; x_wconf 90' lang='lat' dir='ltr'><strong>non</strong></span> <span class='ocrx_word' id='word_1_16' title='bbox 330 665 497 748; x_wconf 75' lang='lat' dir='ltr'><strong>adceperit.</strong></span> <span class='ocrx_word' id='word_1_17' title='bbox 531 665 571 730; x_wconf 87' lang='lat' dir='ltr'><strong>eb</strong></span> <span class='ocrx_word' id='word_1_18' title='bbox 604 665 664 730; x_wconf 84' lang='lat' dir='ltr'><strong>hon</strong></span> <span class='ocrx_word' id='word_1_19' title='bbox 694 666 723 730; x_wconf 86' lang='lat' dir='ltr'><strong>ei</strong></span> <span class='ocrx_word' id='word_1_20' title='bbox 752 665 874 730; x_wconf 88' lang='lat' dir='ltr'><strong>dietum</strong></span> <span class='ocrx_word' id='word_1_21' title='bbox 907 670 970 731; x_wconf 89' lang='lat' dir='ltr'><strong>est:</strong></span> <span class='ocrx_word' id='word_1_22' title='bbox 1003 665 1098 732; x_wconf 88' lang='lat' dir='ltr'><strong>Noli</strong></span> <span class='ocrx_word' id='word_1_23' title='bbox 1130 669 1256 734; x_wconf 84' lang='lat' dir='ltr'><strong>altum</strong></span> 
     </span>
     <span class='ocr_line' id='line_1_4' title="bbox 115 772 1257 858; baseline 0.004 -22"><span class='ocrx_word' id='word_1_24' title='bbox 115 791 262 855; x_wconf 84' lang='lat' dir='ltr'><strong>supere,</strong></span> <span class='ocrx_word' id='word_1_25' title='bbox 288 772 356 837; x_wconf 90' lang='lat' dir='ltr'><strong>sed</strong></span> <span class='ocrx_word' id='word_1_26' title='bbox 380 773 485 839; x_wconf 89' lang='lat' dir='ltr'><strong>time.</strong></span> <span class='ocrx_word' id='word_1_27' title='bbox 512 775 544 836; x_wconf 87' lang='lat' dir='ltr'><strong>st</strong></span> <span class='ocrx_word' id='word_1_28' title='bbox 567 773 663 837; x_wconf 87' lang='lat' dir='ltr'><strong>timor</strong></span> <span class='ocrx_word' id='word_1_29' title='bbox 684 772 746 838; x_wconf 90' lang='lat' dir='ltr'><strong>iste</strong></span> <span class='ocrx_word' id='word_1_30' title='bbox 769 773 965 857; x_wconf 83' lang='lat' dir='ltr'><strong>praecipitur</strong></span> <span class='ocrx_word' id='word_1_31' title='bbox 992 775 1089 839; x_wconf 85' lang='lat' dir='ltr'><strong>etium</strong></span> <span class='ocrx_word' id='word_1_32' title='bbox 1116 775 1177 853; x_wconf 83' lang='lat' dir='ltr'><strong>his,</strong></span> <span class='ocrx_word' id='word_1_33' title='bbox 1202 778 1257 858; x_wconf 87' lang='lat' dir='ltr'><strong>qui</strong></span> 
     </span>
     <span class='ocr_line' id='line_1_5' title="bbox 114 879 1257 963; baseline 0.003 -20"><span class='ocrx_word' id='word_1_34' title='bbox 114 899 147 944; x_wconf 85' lang='lat' dir='ltr'><strong>er</strong></span> <span class='ocrx_word' id='word_1_35' title='bbox 167 879 228 945; x_wconf 84' lang='lat' dir='ltr'><strong>fide</strong></span> <span class='ocrx_word' id='word_1_36' title='bbox 252 879 399 944; x_wconf 87' lang='lat' dir='ltr'><strong>uiuentes</strong></span> <span class='ocrx_word' id='word_1_37' title='bbox 422 880 553 944; x_wconf 87' lang='lat' dir='ltr'><strong>heredes</strong></span> <span class='ocrx_word' id='word_1_38' title='bbox 578 885 653 945; x_wconf 90' lang='lat' dir='ltr'><strong>sunt</strong></span> <span class='ocrx_word' id='word_1_39' title='bbox 671 880 745 944; x_wconf 90' lang='lat' dir='ltr'><strong>noni</strong></span> <span class='ocrx_word' id='word_1_40' title='bbox 765 881 949 946; x_wconf 76' lang='lat' dir='ltr'><strong>testamenti</strong></span> <span class='ocrx_word' id='word_1_41' title='bbox 967 884 1062 963; x_wconf 83' lang='lat' dir='ltr'><strong>utque</strong></span> <span class='ocrx_word' id='word_1_42' title='bbox 1081 882 1120 946; x_wconf 88' lang='lat' dir='ltr'><strong>in</strong></span> <span class='ocrx_word' id='word_1_43' title='bbox 1138 881 1257 947; x_wconf 90' lang='lat' dir='ltr'><strong>liber·</strong></span> 
     </span>
     <span class='ocr_line' id='line_1_6' title="bbox 86 987 1257 1076; baseline 0.004 -28"><span class='ocrx_word' id='word_1_44' title='bbox 86 991 233 1051; x_wconf 77' lang='lat' dir='ltr'><strong>statem</strong></span> <span class='ocrx_word' id='word_1_45' title='bbox 257 987 408 1050; x_wconf 73' lang='lat' dir='ltr'><strong>uocati.</strong></span> <span class='ocrx_word' id='word_1_46' title='bbox 433 987 560 1052; x_wconf 84' lang='lat' dir='ltr'><strong>altum</strong></span> <span class='ocrx_word' id='word_1_47' title='bbox 584 987 667 1051; x_wconf 89' lang='lat' dir='ltr'><strong>enim</strong></span> <span class='ocrx_word' id='word_1_48' title='bbox 691 1006 835 1070; x_wconf 83' lang='lat' dir='ltr'><strong>supsre</strong></span> <span class='ocrx_word' id='word_1_49' title='bbox 859 987 980 1076; x_wconf 83' lang='lat' dir='ltr'><strong>dictum</strong></span> <span class='ocrx_word' id='word_1_50' title='bbox 1004 992 1054 1052; x_wconf 90' lang='lat' dir='ltr'><strong>est</strong></span> <span class='ocrx_word' id='word_1_51' title='bbox 1082 989 1257 1071; x_wconf 76' lang='lat' dir='ltr'><strong>superbire,</strong></span> 
     </span>
     <span class='ocr_line' id='line_1_7' title="bbox 114 1092 1257 1176; baseline 0.003 -20"><span class='ocrx_word' id='word_1_52' title='bbox 114 1093 192 1176; x_wconf 87' lang='lat' dir='ltr'><strong>qnod</strong></span> <span class='ocrx_word' id='word_1_53' title='bbox 216 1093 279 1158; x_wconf 85' lang='lat' dir='ltr'><strong>alio</strong></span> <span class='ocrx_word' id='word_1_54' title='bbox 302 1095 373 1158; x_wconf 83' lang='lat' dir='ltr'><strong>loeo</strong></span> <span class='ocrx_word' id='word_1_55' title='bbox 398 1094 594 1158; x_wconf 82' lang='lat' dir='ltr'><strong>econtrario</strong></span> <span class='ocrx_word' id='word_1_56' title='bbox 619 1092 697 1157; x_wconf 85' lang='lat' dir='ltr'><strong>satis</strong></span> <span class='ocrx_word' id='word_1_57' title='bbox 722 1093 873 1173; x_wconf 77' lang='lat' dir='ltr'><strong>ostendit,</strong></span> <span class='ocrx_word' id='word_1_58' title='bbox 897 1093 1035 1158; x_wconf 81' lang='lat' dir='ltr'><strong>ubisit:</strong></span> <span class='ocrx_word' id='word_1_59' title='bbox 1060 1093 1144 1160; x_wconf 83' lang='lat' dir='ltr'><strong>Non</strong></span> <span class='ocrx_word' id='word_1_60' title='bbox 1173 1096 1257 1160; x_wconf 84' lang='lat' dir='ltr'><strong>ulta</strong></span> 
     </span>
     <span class='ocr_line' id='line_1_8' title="bbox 113 1199 1257 1286; baseline 0.003 -23"><span class='ocrx_word' id='word_1_61' title='bbox 113 1201 320 1284; x_wconf 84' lang='lat' dir='ltr'><strong>sapientes</strong></span> <span class='ocrx_word' id='word_1_62' title='bbox 340 1199 410 1265; x_wconf 88' lang='lat' dir='ltr'><strong>sed</strong></span> <span class='ocrx_word' id='word_1_63' title='bbox 429 1199 658 1264; x_wconf 88' lang='lat' dir='ltr'><strong>humilibus</strong></span> <span class='ocrx_word' id='word_1_64' title='bbox 679 1200 1003 1266; x_wconf 84' lang='lat' dir='ltr'><strong>eonsentientes.</strong></span> <span class='ocrx_word' id='word_1_65' title='bbox 1024 1221 1061 1265; x_wconf 82' lang='lat' dir='ltr'><strong>ex</strong></span> <span class='ocrx_word' id='word_1_66' title='bbox 1080 1202 1151 1280; x_wconf 86' lang='lat' dir='ltr'><strong>hoe,</strong></span> <span class='ocrx_word' id='word_1_67' title='bbox 1171 1203 1257 1286; x_wconf 86' lang='lat' dir='ltr'><strong>quod</strong></span> 
     </span>
     <span class='ocr_line' id='line_1_9' title="bbox 113 1305 1255 1390; baseline 0.003 -20"><span class='ocrx_word' id='word_1_68' title='bbox 113 1307 153 1370; x_wconf 80' lang='lat' dir='ltr'><strong>ait</strong></span> <span class='ocrx_word' id='word_1_69' title='bbox 175 1306 413 1371; x_wconf 87' lang='lat' dir='ltr'><strong>‘humilibus</strong></span> <span class='ocrx_word' id='word_1_70' title='bbox 438 1306 769 1382; x_wconf 68' lang='lat' dir='ltr'><strong>eonsentientes,</strong></span> <span class='ocrx_word' id='word_1_71' title='bbox 795 1305 907 1389; x_wconf 87' lang='lat' dir='ltr'><strong>ntique</strong></span> <span class='ocrx_word' id='word_1_72' title='bbox 930 1309 1055 1390; x_wconf 82' lang='lat' dir='ltr'><strong>aperuit</strong></span> <span class='ocrx_word' id='word_1_73' title='bbox 1071 1308 1151 1373; x_wconf 91' lang='lat' dir='ltr'><strong>nihil</strong></span> <span class='ocrx_word' id='word_1_74' title='bbox 1170 1309 1255 1373; x_wconf 81' lang='lat' dir='ltr'><strong>aliud</strong></span> 
     </span>
     <span class='ocr_line' id='line_1_10' title="bbox 112 1414 1019 1498; baseline 0.003 -22"><span class='ocrx_word' id='word_1_75' title='bbox 112 1433 142 1476; x_wconf 90' lang='lat' dir='ltr'><strong>se</strong></span> <span class='ocrx_word' id='word_1_76' title='bbox 165 1414 281 1479; x_wconf 82' lang='lat' dir='ltr'><strong>dixisse</strong></span> <span class='ocrx_word' id='word_1_77' title='bbox 305 1415 399 1478; x_wconf 83' lang='lat' dir='ltr'><strong>‘alte</strong></span> <span class='ocrx_word' id='word_1_78' title='bbox 423 1414 645 1498; x_wconf 83' lang='lat' dir='ltr'><strong>sepientes&#39;</strong></span> <span class='ocrx_word' id='word_1_79' title='bbox 669 1433 764 1497; x_wconf 83' lang='lat' dir='ltr'><strong>quum</strong></span> <span class='ocrx_word' id='word_1_80' title='bbox 789 1414 1019 1497; x_wconf 85' lang='lat' dir='ltr'><strong>superbientes.</strong></span> 
     </span>
     <span class='ocr_line' id='line_1_11' title="bbox 17 1515 1256 1605; baseline 0.006 -24"><span class='ocrx_word' id='word_1_81' title='bbox 17 1515 95 1583; x_wconf 70' lang='lat'><strong>5310</strong></span> <span class='ocrx_word' id='word_1_82' title='bbox 152 1521 259 1586; x_wconf 86' lang='lat' dir='ltr'><strong>Timor</strong></span> <span class='ocrx_word' id='word_1_83' title='bbox 288 1541 362 1605; x_wconf 85' lang='lat' dir='ltr'><strong>ergo</strong></span> <span class='ocrx_word' id='word_1_84' title='bbox 391 1541 451 1586; x_wconf 91' lang='lat' dir='ltr'><strong>non</strong></span> <span class='ocrx_word' id='word_1_85' title='bbox 480 1521 589 1586; x_wconf 89' lang='lat' dir='ltr'><strong>estin</strong></span> <span class='ocrx_word' id='word_1_86' title='bbox 618 1521 759 1600; x_wconf 77' lang='lat' dir='ltr'><strong>ueritate,</strong></span> <span class='ocrx_word' id='word_1_87' title='bbox 784 1521 859 1603; x_wconf 84' lang='lat' dir='ltr'><strong>quia</strong></span> <span class='ocrx_word' id='word_1_88' title='bbox 885 1521 1074 1604; x_wconf 83' lang='lat' dir='ltr'><strong>perfectu</strong></span> <span class='ocrx_word' id='word_1_89' title='bbox 1101 1523 1256 1588; x_wconf 78' lang='lat' dir='ltr'><strong>ueritus</strong></span> 
     </span>
     <span class='ocr_line' id='line_1_12' title="bbox 50 1619 1255 1711; baseline 0.004 -23"><span class='ocrx_word' id='word_1_90' title='bbox 50 1619 61 1644; x_wconf 85' lang='lat'>&#39;</span> <span class='ocrx_word' id='word_1_91' title='bbox 110 1627 215 1691; x_wconf 83' lang='lat' dir='ltr'><strong>fores</strong></span> <span class='ocrx_word' id='word_1_92' title='bbox 239 1627 373 1693; x_wconf 90' lang='lat' dir='ltr'><strong>mittit</strong></span> <span class='ocrx_word' id='word_1_93' title='bbox 396 1627 580 1693; x_wconf 88' lang='lat' dir='ltr'><strong>timore-m</strong></span> <span class='ocrx_word' id='word_1_94' title='bbox 600 1627 765 1693; x_wconf 87' lang='lat' dir='ltr'><strong>sedilium</strong></span> <span class='ocrx_word' id='word_1_95' title='bbox 786 1628 946 1706; x_wconf 87' lang='lat' dir='ltr'><strong>seruilem,</strong></span> <span class='ocrx_word' id='word_1_96' title='bbox 965 1628 1069 1709; x_wconf 89' lang='lat' dir='ltr'><strong>illum,</strong></span> <span class='ocrx_word' id='word_1_97' title='bbox 1089 1648 1163 1711; x_wconf 82' lang='lat' dir='ltr'><strong>qne,</strong></span> <span class='ocrx_word' id='word_1_98' title='bbox 1183 1647 1255 1693; x_wconf 87' lang='lat' dir='ltr'><strong>enm</strong></span> 
     </span>
     <span class='ocr_line' id='line_1_13' title="bbox 111 1733 1258 1817; baseline 0.003 -21"><span class='ocrx_word' id='word_1_99' title='bbox 111 1751 142 1796; x_wconf 89' lang='lat' dir='ltr'><strong>se</strong></span> <span class='ocrx_word' id='word_1_100' title='bbox 165 1733 302 1816; x_wconf 87' lang='lat' dir='ltr'><strong>quisque</strong></span> <span class='ocrx_word' id='word_1_101' title='bbox 325 1733 363 1798; x_wconf 82' lang='lat' dir='ltr'><strong>ab</strong></span> <span class='ocrx_word' id='word_1_102' title='bbox 383 1754 477 1817; x_wconf 87' lang='lat' dir='ltr'><strong>opere</strong></span> <span class='ocrx_word' id='word_1_103' title='bbox 496 1734 579 1800; x_wconf 83' lang='lat' dir='ltr'><strong>malo</strong></span> <span class='ocrx_word' id='word_1_104' title='bbox 599 1735 747 1811; x_wconf 85' lang='lat' dir='ltr'><strong>abstinet,</strong></span> <span class='ocrx_word' id='word_1_105' title='bbox 767 1754 869 1817; x_wconf 88' lang='lat' dir='ltr'><strong>puenu</strong></span> <span class='ocrx_word' id='word_1_106' title='bbox 886 1738 1032 1813; x_wconf 81' lang='lat' dir='ltr'><strong>terretur,</strong></span> <span class='ocrx_word' id='word_1_107' title='bbox 1050 1755 1112 1800; x_wconf 91' lang='lat' dir='ltr'><strong>nnn</strong></span> <span class='ocrx_word' id='word_1_108' title='bbox 1131 1735 1258 1800; x_wconf 80' lang='lat' dir='ltr'><strong>institia</strong></span> 
     </span>
     <span class='ocr_line' id='line_1_14' title="bbox 110 1839 1256 1925; baseline 0.004 -24"><span class='ocrx_word' id='word_1_109' title='bbox 110 1839 297 1916; x_wconf 65' lang='lat' dir='ltr'><strong>delectatum</strong></span> <span class='ocrx_word' id='word_1_110' title='bbox 322 1841 408 1906; x_wconf 84' lang='lat' dir='ltr'><strong>hune</strong></span> <span class='ocrx_word' id='word_1_111' title='bbox 431 1841 540 1906; x_wconf 82' lang='lat' dir='ltr'><strong>forus</strong></span> <span class='ocrx_word' id='word_1_112' title='bbox 565 1841 719 1906; x_wconf 77' lang='lat' dir='ltr'><strong>caritas</strong></span> <span class='ocrx_word' id='word_1_113' title='bbox 744 1841 888 1918; x_wconf 80' lang='lat' dir='ltr'><strong>mittit,</strong></span> <span class='ocrx_word' id='word_1_114' title='bbox 913 1862 1007 1925; x_wconf 85' lang='lat' dir='ltr'><strong>quum</strong></span> <span class='ocrx_word' id='word_1_115' title='bbox 1031 1861 1093 1906; x_wconf 89' lang='lat' dir='ltr'><strong>non</strong></span> <span class='ocrx_word' id='word_1_116' title='bbox 1117 1841 1256 1907; x_wconf 80' lang='lat' dir='ltr'><strong>delectet</strong></span> 
     </span>
     <span class='ocr_line' id='line_1_15' title="bbox 108 1945 1257 2032; baseline 0.004 -25"><span class='ocrx_word' id='word_1_117' title='bbox 108 1945 269 2028; x_wconf 82' lang='lat' dir='ltr'><strong>iniquitas,</strong></span> <span class='ocrx_word' id='word_1_118' title='bbox 294 1948 420 2012; x_wconf 82' lang='lat' dir='ltr'><strong>etiamsi</strong></span> <span class='ocrx_word' id='word_1_119' title='bbox 443 1951 638 2032; x_wconf 81' lang='lat' dir='ltr'><strong>proponatur</strong></span> <span class='ocrx_word' id='word_1_120' title='bbox 659 1948 845 2029; x_wconf 83' lang='lat' dir='ltr'><strong>impunitus,</strong></span> <span class='ocrx_word' id='word_1_121' title='bbox 870 1967 930 2012; x_wconf 91' lang='lat' dir='ltr'><strong>non</strong></span> <span class='ocrx_word' id='word_1_122' title='bbox 955 1948 1139 2031; x_wconf 75' lang='lat' dir='ltr'><strong>illumque</strong></span> <span class='ocrx_word' id='word_1_123' title='bbox 1163 1949 1257 2014; x_wconf 88' lang='lat' dir='ltr'><strong>timet</strong></span> 
     </span>
     <span class='ocr_line' id='line_1_16' title="bbox 70 2053 1256 2138; baseline 0.007 -26"><span class='ocrx_word' id='word_1_124' title='bbox 70 2075 91 2114; x_wconf 74' lang='lat' dir='ltr'><strong>rs</strong></span> <span class='ocrx_word' id='word_1_125' title='bbox 110 2053 222 2130; x_wconf 82' lang='lat' dir='ltr'><strong>enimn,</strong></span> <span class='ocrx_word' id='word_1_126' title='bbox 246 2072 285 2116; x_wconf 92' lang='lat' dir='ltr'><strong>ue</strong></span> <span class='ocrx_word' id='word_1_127' title='bbox 310 2053 438 2118; x_wconf 82' lang='lat' dir='ltr'><strong>emittat</strong></span> <span class='ocrx_word' id='word_1_128' title='bbox 460 2054 562 2135; x_wconf 81' lang='lat' dir='ltr'><strong>ipsam</strong></span> <span class='ocrx_word' id='word_1_129' title='bbox 586 2054 731 2138; x_wconf 84' lang='lat' dir='ltr'><strong>gratiam,</strong></span> <span class='ocrx_word' id='word_1_130' title='bbox 756 2073 819 2136; x_wconf 82' lang='lat' dir='ltr'><strong>qna</strong></span> <span class='ocrx_word' id='word_1_131' title='bbox 846 2053 877 2117; x_wconf 91' lang='lat' dir='ltr'><strong>in</strong></span> <span class='ocrx_word' id='word_1_132' title='bbox 908 2053 963 2118; x_wconf 83' lang='lat' dir='ltr'><strong>illa</strong></span> <span class='ocrx_word' id='word_1_133' title='bbox 990 2055 1195 2133; x_wconf 75' lang='lat' dir='ltr'><strong>factumest,</strong></span> <span class='ocrx_word' id='word_1_134' title='bbox 1219 2061 1256 2120; x_wconf 85' lang='lat' dir='ltr'><strong>ut</strong></span> 
     </span>
     <span class='ocr_line' id='line_1_17' title="bbox 109 2159 1254 2243; baseline 0.003 -22"><span class='ocrx_word' id='word_1_135' title='bbox 109 2177 174 2224; x_wconf 85' lang='lat' dir='ltr'><strong>sem</strong></span> <span class='ocrx_word' id='word_1_136' title='bbox 203 2177 265 2224; x_wconf 90' lang='lat' dir='ltr'><strong>non</strong></span> <span class='ocrx_word' id='word_1_137' title='bbox 291 2178 423 2242; x_wconf 81' lang='lat' dir='ltr'><strong>peccare</strong></span> <span class='ocrx_word' id='word_1_138' title='bbox 452 2159 598 2239; x_wconf 81' lang='lat' dir='ltr'><strong>delectet,</strong></span> <span class='ocrx_word' id='word_1_139' title='bbox 627 2180 689 2243; x_wconf 87' lang='lat' dir='ltr'><strong>quo</strong></span> <span class='ocrx_word' id='word_1_140' title='bbox 717 2160 820 2237; x_wconf 86' lang='lat' dir='ltr'><strong>timet,</strong></span> <span class='ocrx_word' id='word_1_141' title='bbox 849 2178 888 2223; x_wconf 90' lang='lat' dir='ltr'><strong>ne</strong></span> <span class='ocrx_word' id='word_1_142' title='bbox 915 2159 994 2224; x_wconf 89' lang='lat' dir='ltr'><strong>deus</strong></span> <span class='ocrx_word' id='word_1_143' title='bbox 1023 2179 1092 2225; x_wconf 86' lang='lat' dir='ltr'><strong>eum</strong></span> <span class='ocrx_word' id='word_1_144' title='bbox 1121 2161 1254 2238; x_wconf 82' lang='lat' dir='ltr'><strong>deserat,</strong></span> 
     </span>
     <span class='ocr_line' id='line_1_18' title="bbox 108 2265 1255 2350; baseline 0.003 -22"><span class='ocrx_word' id='word_1_145' title='bbox 108 2267 233 2332; x_wconf 84' lang='lat' dir='ltr'><strong>etiamsi</strong></span> <span class='ocrx_word' id='word_1_146' title='bbox 261 2266 359 2331; x_wconf 90' lang='lat' dir='ltr'><strong>nullis</strong></span> <span class='ocrx_word' id='word_1_147' title='bbox 387 2267 531 2332; x_wconf 89' lang='lat' dir='ltr'><strong>dolorum</strong></span> <span class='ocrx_word' id='word_1_148' title='bbox 560 2268 753 2332; x_wconf 80' lang='lat' dir='ltr'><strong>eruciatibus</strong></span> <span class='ocrx_word' id='word_1_149' title='bbox 780 2265 902 2350; x_wconf 83' lang='lat' dir='ltr'><strong>puniat.</strong></span> <span class='ocrx_word' id='word_1_150' title='bbox 935 2267 987 2331; x_wconf 90' lang='lat' dir='ltr'><strong>hie</strong></span> <span class='ocrx_word' id='word_1_151' title='bbox 1018 2268 1115 2333; x_wconf 88' lang='lat' dir='ltr'><strong>timor</strong></span> <span class='ocrx_word' id='word_1_152' title='bbox 1147 2273 1255 2333; x_wconf 81' lang='lat' dir='ltr'><strong>emtus</strong></span> 
     </span>
     <span class='ocr_line' id='line_1_19' title="bbox 108 2373 1254 2458; baseline 0.002 -22"><span class='ocrx_word' id='word_1_153' title='bbox 108 2375 169 2450; x_wconf 86' lang='lat' dir='ltr'><strong>est;</strong></span> <span class='ocrx_word' id='word_1_154' title='bbox 184 2393 247 2437; x_wconf 90' lang='lat' dir='ltr'><strong>non</strong></span> <span class='ocrx_word' id='word_1_155' title='bbox 262 2391 336 2438; x_wconf 88' lang='lat' dir='ltr'><strong>eum</strong></span> <span class='ocrx_word' id='word_1_156' title='bbox 350 2374 425 2438; x_wconf 86' lang='lat' dir='ltr'><strong>eicit</strong></span> <span class='ocrx_word' id='word_1_157' title='bbox 442 2373 566 2452; x_wconf 82' lang='lat' dir='ltr'><strong>ueritas,</strong></span> <span class='ocrx_word' id='word_1_158' title='bbox 582 2373 637 2438; x_wconf 88' lang='lat' dir='ltr'><strong>sed</strong></span> <span class='ocrx_word' id='word_1_159' title='bbox 653 2373 811 2438; x_wconf 81' lang='lat' dir='ltr'><strong>adsciscit</strong></span> <span class='ocrx_word' id='word_1_160' title='bbox 831 2374 869 2437; x_wconf 86' lang='lat' dir='ltr'><strong>de</strong></span> <span class='ocrx_word' id='word_1_161' title='bbox 889 2373 944 2438; x_wconf 88' lang='lat' dir='ltr'><strong>ille</strong></span> <span class='ocrx_word' id='word_1_162' title='bbox 964 2374 1081 2458; x_wconf 86' lang='lat' dir='ltr'><strong>quippe</strong></span> <span class='ocrx_word' id='word_1_163' title='bbox 1101 2374 1254 2458; x_wconf 84' lang='lat' dir='ltr'><strong>seriptum</strong></span> 
     </span>
     <span class='ocr_line' id='line_1_20' title="bbox 108 2479 1254 2564; baseline 0.003 -22"><span class='ocrx_word' id='word_1_164' title='bbox 108 2483 168 2542; x_wconf 83' lang='lat' dir='ltr'><strong>est:</strong></span> <span class='ocrx_word' id='word_1_165' title='bbox 194 2479 328 2544; x_wconf 80' lang='lat' dir='ltr'><strong>Timor</strong></span> <span class='ocrx_word' id='word_1_166' title='bbox 356 2479 507 2544; x_wconf 88' lang='lat' dir='ltr'><strong>domini</strong></span> <span class='ocrx_word' id='word_1_167' title='bbox 536 2483 687 2560; x_wconf 82' lang='lat' dir='ltr'><strong>custus,</strong></span> <span class='ocrx_word' id='word_1_168' title='bbox 710 2498 950 2564; x_wconf 83' lang='lat' dir='ltr'><strong>permanens</strong></span> <span class='ocrx_word' id='word_1_169' title='bbox 979 2480 1017 2544; x_wconf 89' lang='lat' dir='ltr'><strong>in</strong></span> <span class='ocrx_word' id='word_1_170' title='bbox 1045 2483 1254 2546; x_wconf 77' lang='lat' dir='ltr'><strong>saeculum</strong></span> 
     </span>
     <span class='ocr_line' id='line_1_21' title="bbox 66 2585 1255 2670; baseline 0.005 -23"><span class='ocrx_word' id='word_1_171' title='bbox 66 2609 90 2648; x_wconf 76' lang='lat' dir='ltr'><strong>sn</strong></span> <span class='ocrx_word' id='word_1_172' title='bbox 107 2586 273 2652; x_wconf 82' lang='lat' dir='ltr'><strong>saeculi.</strong></span> <span class='ocrx_word' id='word_1_173' title='bbox 301 2606 500 2670; x_wconf 81' lang='lat' dir='ltr'><strong>nequaquam</strong></span> <span class='ocrx_word' id='word_1_174' title='bbox 528 2586 628 2650; x_wconf 90' lang='lat' dir='ltr'><strong>istum</strong></span> <span class='ocrx_word' id='word_1_175' title='bbox 657 2585 776 2651; x_wconf 84' lang='lat' dir='ltr'><strong>diceret</strong></span> <span class='ocrx_word' id='word_1_176' title='bbox 802 2590 1039 2669; x_wconf 76' lang='lat' dir='ltr'><strong>permanentem</strong></span> <span class='ocrx_word' id='word_1_177' title='bbox 1067 2587 1129 2652; x_wconf 88' lang='lat' dir='ltr'><strong>nisi</strong></span> <span class='ocrx_word' id='word_1_178' title='bbox 1151 2588 1255 2653; x_wconf 86' lang='lat' dir='ltr'><strong>selene</strong></span> 
     </span>
     <span class='ocr_line' id='line_1_22' title="bbox 106 2692 1254 2778; baseline 0.003 -23"><span class='ocrx_word' id='word_1_179' title='bbox 106 2693 214 2774; x_wconf 83' lang='lat' dir='ltr'><strong>alium,</strong></span> <span class='ocrx_word' id='word_1_180' title='bbox 241 2695 295 2778; x_wconf 90' lang='lat' dir='ltr'><strong>qui</strong></span> <span class='ocrx_word' id='word_1_181' title='bbox 318 2715 379 2759; x_wconf 90' lang='lat' dir='ltr'><strong>nnn</strong></span> <span class='ocrx_word' id='word_1_182' title='bbox 402 2696 614 2777; x_wconf 62' lang='lat' dir='ltr'><strong>permanerem</strong></span> <span class='ocrx_word' id='word_1_183' title='bbox 639 2697 671 2758; x_wconf 91' lang='lat' dir='ltr'><strong>et</strong></span> <span class='ocrx_word' id='word_1_184' title='bbox 697 2692 777 2757; x_wconf 87' lang='lat' dir='ltr'><strong>hene</strong></span> <span class='ocrx_word' id='word_1_185' title='bbox 800 2693 900 2758; x_wconf 90' lang='lat' dir='ltr'><strong>istum</strong></span> <span class='ocrx_word' id='word_1_186' title='bbox 928 2697 1054 2758; x_wconf 87' lang='lat' dir='ltr'><strong>eastum</strong></span> <span class='ocrx_word' id='word_1_187' title='bbox 1083 2693 1170 2770; x_wconf 80' lang='lat' dir='ltr'><strong>dixit,</strong></span> <span class='ocrx_word' id='word_1_188' title='bbox 1193 2694 1254 2758; x_wconf 86' lang='lat' dir='ltr'><strong>hoe</strong></span> 
     </span>
     <span class='ocr_line' id='line_1_23' title="bbox 105 2799 1253 2883; baseline 0 -19"><span class='ocrx_word' id='word_1_189' title='bbox 105 2803 187 2865; x_wconf 91' lang='lat' dir='ltr'><strong>enim</strong></span> <span class='ocrx_word' id='word_1_190' title='bbox 212 2820 274 2866; x_wconf 89' lang='lat' dir='ltr'><strong>non</strong></span> <span class='ocrx_word' id='word_1_191' title='bbox 299 2805 504 2879; x_wconf 75' lang='lat' dir='ltr'><strong>carptemus,</strong></span> <span class='ocrx_word' id='word_1_192' title='bbox 529 2819 591 2883; x_wconf 85' lang='lat' dir='ltr'><strong>quo</strong></span> <span class='ocrx_word' id='word_1_193' title='bbox 615 2800 720 2863; x_wconf 81' lang='lat' dir='ltr'><strong>anima</strong></span> <span class='ocrx_word' id='word_1_194' title='bbox 745 2799 889 2864; x_wconf 82' lang='lat' dir='ltr'><strong>inhaeret</strong></span> <span class='ocrx_word' id='word_1_195' title='bbox 914 2799 983 2877; x_wconf 88' lang='lat' dir='ltr'><strong>dee,</strong></span> <span class='ocrx_word' id='word_1_196' title='bbox 1008 2818 1088 2880; x_wconf 83' lang='lat' dir='ltr'><strong>quae</strong></span> <span class='ocrx_word' id='word_1_197' title='bbox 1117 2799 1196 2864; x_wconf 86' lang='lat' dir='ltr'><strong>dieit</strong></span> <span class='ocrx_word' id='word_1_198' title='bbox 1221 2801 1253 2864; x_wconf 95' lang='lat' dir='ltr'><strong>in</strong></span> 
     </span>
     <span class='ocr_line' id='line_1_24' title="bbox 106 2905 1253 2990; baseline 0.002 -21"><span class='ocrx_word' id='word_1_199' title='bbox 106 2907 166 2970; x_wconf 83' lang='lat' dir='ltr'><strong>ulio</strong></span> <span class='ocrx_word' id='word_1_200' title='bbox 193 2908 334 2990; x_wconf 85' lang='lat' dir='ltr'><strong>psalmo:</strong></span> <span class='ocrx_word' id='word_1_201' title='bbox 367 2906 596 2971; x_wconf 82' lang='lat' dir='ltr'><strong>Perdidisti</strong></span> <span class='ocrx_word' id='word_1_202' title='bbox 632 2925 792 2985; x_wconf 84' lang='lat' dir='ltr'><strong>omnem,</strong></span> <span class='ocrx_word' id='word_1_203' title='bbox 822 2907 890 2988; x_wconf 90' lang='lat' dir='ltr'><strong>qui</strong></span> <span class='ocrx_word' id='word_1_204' title='bbox 923 2905 1152 2970; x_wconf 77' lang='lat' dir='ltr'><strong>fornicatur</strong></span> <span class='ocrx_word' id='word_1_205' title='bbox 1184 2906 1253 2971; x_wconf 84' lang='lat' dir='ltr'><strong>ebs</strong></span> 
     </span>
     <span class='ocr_line' id='line_1_25' title="bbox 104 3012 1255 3088; baseline 0.001 -11"><span class='ocrx_word' id='word_1_206' title='bbox 104 3017 155 3088; x_wconf 90' lang='lat' dir='ltr'><strong>te;</strong></span> <span class='ocrx_word' id='word_1_207' title='bbox 185 3012 286 3077; x_wconf 91' lang='lat' dir='ltr'><strong>mihi</strong></span> <span class='ocrx_word' id='word_1_208' title='bbox 320 3022 451 3077; x_wconf 84' lang='lat' dir='ltr'><strong>antem</strong></span> <span class='ocrx_word' id='word_1_209' title='bbox 485 3013 706 3078; x_wconf 81' lang='lat' dir='ltr'><strong>adhaerere</strong></span> <span class='ocrx_word' id='word_1_210' title='bbox 740 3013 812 3077; x_wconf 85' lang='lat' dir='ltr'><strong>dee</strong></span> <span class='ocrx_word' id='word_1_211' title='bbox 845 3012 990 3078; x_wconf 89' lang='lat' dir='ltr'><strong>bonum</strong></span> <span class='ocrx_word' id='word_1_212' title='bbox 1022 3018 1093 3078; x_wconf 82' lang='lat' dir='ltr'><strong>est.</strong></span> <span class='ocrx_word' id='word_1_213' title='bbox 1121 3031 1193 3077; x_wconf 86' lang='lat' dir='ltr'><strong>nam</strong></span> <span class='ocrx_word' id='word_1_214' title='bbox 1221 3017 1255 3078; x_wconf 92' lang='lat' dir='ltr'><strong>et</strong></span> 
     </span>
     <span class='ocr_line' id='line_1_26' title="bbox 63 3118 1254 3204; baseline 0.002 -22"><span class='ocrx_word' id='word_1_215' title='bbox 63 3142 85 3182; x_wconf 80' lang='lat' dir='ltr'><strong>ss</strong></span> <span class='ocrx_word' id='word_1_216' title='bbox 104 3121 250 3198; x_wconf 78' lang='lat' dir='ltr'><strong>coniunx,</strong></span> <span class='ocrx_word' id='word_1_217' title='bbox 275 3139 354 3203; x_wconf 78' lang='lat' dir='ltr'><strong>qrree</strong></span> <span class='ocrx_word' id='word_1_218' title='bbox 379 3119 590 3185; x_wconf 83' lang='lat' dir='ltr'><strong>adulterinum</strong></span> <span class='ocrx_word' id='word_1_219' title='bbox 615 3119 756 3182; x_wconf 82' lang='lat' dir='ltr'><strong>animum</strong></span> <span class='ocrx_word' id='word_1_220' title='bbox 784 3120 875 3204; x_wconf 84' lang='lat' dir='ltr'><strong>gerit,</strong></span> <span class='ocrx_word' id='word_1_221' title='bbox 899 3118 1025 3184; x_wconf 85' lang='lat' dir='ltr'><strong>etiamsi</strong></span> <span class='ocrx_word' id='word_1_222' title='bbox 1052 3120 1165 3185; x_wconf 88' lang='lat' dir='ltr'><strong>timore</strong></span> <span class='ocrx_word' id='word_1_223' title='bbox 1193 3121 1254 3184; x_wconf 86' lang='lat' dir='ltr'><strong>uiri</strong></span> 
     </span>
    </p>
   </div>
   <div class='ocr_carea' id='block_1_3' title="bbox 103 3343 1252 3505">
    <p class='ocr_par' dir='ltr' id='par_1_3' title="bbox 103 3343 1252 3505">
     <span class='ocr_line' id='line_1_27' title="bbox 190 3343 1252 3414; baseline -0.005 -10"><span class='ocrx_word' id='word_1_224' title='bbox 190 3344 1011 3411; x_wconf 76' lang='lat' dir='ltr'><strong>4R0n.1,17;Gale,11;Hebr.10,38;Hab.2‚4</strong></span> <span class='ocrx_word' id='word_1_225' title='bbox 1093 3343 1198 3414; x_wconf 73' lang='lat' dir='ltr'><strong>Gelu,</strong></span> <span class='ocrx_word' id='word_1_226' title='bbox 1220 3346 1252 3400; x_wconf 83' lang='lat'><strong>13</strong></span> 
     </span>
     <span class='ocr_line' id='line_1_28' title="bbox 103 3433 1252 3505; baseline -0.002 -14"><span class='ocrx_word' id='word_1_227' title='bbox 103 3439 215 3493; x_wconf 80' lang='lat' dir='ltr'><strong>ditum.</strong></span> <span class='ocrx_word' id='word_1_228' title='bbox 238 3435 333 3505; x_wconf 82' lang='lat'>12,16</span> <span class='ocrx_word' id='word_1_229' title='bbox 390 3435 532 3490; x_wconf 79' lang='lat'>1011011.</span> <span class='ocrx_word' id='word_1_230' title='bbox 552 3437 577 3505; x_wconf 80' lang='lat'><strong>4,</strong></span> <span class='ocrx_word' id='word_1_231' title='bbox 599 3437 631 3489; x_wconf 85' lang='lat'><strong>18</strong></span> <span class='ocrx_word' id='word_1_232' title='bbox 698 3436 730 3488; x_wconf 85' lang='lat'><strong>19</strong></span> <span class='ocrx_word' id='word_1_233' title='bbox 749 3435 794 3488; x_wconf 90' lang='lat' dir='ltr'><strong>Ps.</strong></span> <span class='ocrx_word' id='word_1_234' title='bbox 815 3435 856 3500; x_wconf 83' lang='lat'><strong>18,</strong></span> <span class='ocrx_word' id='word_1_235' title='bbox 878 3435 911 3488; x_wconf 89' lang='lat'><strong>10</strong></span> <span class='ocrx_word' id='word_1_236' title='bbox 965 3437 1000 3487; x_wconf 84' lang='lat'><strong>23</strong></span> <span class='ocrx_word' id='word_1_237' title='bbox 1019 3433 1063 3489; x_wconf 90' lang='lat' dir='ltr'><strong>Ps.</strong></span> <span class='ocrx_word' id='word_1_238' title='bbox 1084 3435 1127 3501; x_wconf 78' lang='lat'><strong>72,</strong></span> <span class='ocrx_word' id='word_1_239' title='bbox 1146 3433 1252 3490; x_wconf 78' lang='lat'>27-28</span> 
     </span>
    </p>
   </div>
   <div class='ocr_carea' id='block_1_4' title="bbox 99 3557 1254 4342">
    <p class='ocr_par' dir='ltr' id='par_1_4' title="bbox 99 3557 1254 4342">
     <span class='ocr_line' id='line_1_29' title="bbox 136 3557 1252 3627; baseline -0.003 -11"><span class='ocrx_word' id='word_1_240' title='bbox 136 3564 279 3618; x_wconf 86' lang='lat' dir='ltr'><strong>2dietu1n</strong></span> <span class='ocrx_word' id='word_1_241' title='bbox 299 3569 341 3615; x_wconf 84' lang='lat' dir='ltr'><strong>est</strong></span> <span class='ocrx_word' id='word_1_242' title='bbox 360 3561 385 3615; x_wconf 90' lang='lat' dir='ltr'><strong>ei</strong></span> <span class='ocrx_word' id='word_1_243' title='bbox 407 3561 433 3614; x_wconf 99' lang='lat' dir='ltr'><strong><em>G</em></strong></span> <span class='ocrx_word' id='word_1_244' title='bbox 496 3560 579 3613; x_wconf 65' lang='lat' dir='ltr'><strong>*noli</strong></span> <span class='ocrx_word' id='word_1_245' title='bbox 598 3561 700 3627; x_wconf 68' lang='lat' dir='ltr'><strong>(fuitum</strong></span> <span class='ocrx_word' id='word_1_246' title='bbox 719 3565 732 3613; x_wconf 75' lang='grc' dir='ltr'>ἐ</span> <span class='ocrx_word' id='word_1_247' title='bbox 752 3557 778 3625; x_wconf 74' lang='lat' dir='ltr'><strong>i&#39;)</strong></span> <span class='ocrx_word' id='word_1_248' title='bbox 797 3558 824 3612; x_wconf 86' lang='lat' dir='ltr'><strong><em>L</em></strong></span> <span class='ocrx_word' id='word_1_249' title='bbox 913 3558 992 3611; x_wconf 87' lang='lat' dir='ltr'><strong>3his</strong></span> <span class='ocrx_word' id='word_1_250' title='bbox 1011 3560 1095 3612; x_wconf 85' lang='lat' dir='ltr'><strong>etiem</strong></span> <span class='ocrx_word' id='word_1_251' title='bbox 1117 3559 1200 3614; x_wconf 72' lang='grc' dir='ltr'><strong>θαι</strong></span> <span class='ocrx_word' id='word_1_252' title='bbox 1217 3560 1252 3613; x_wconf 90' lang='lat' dir='ltr'><strong>iis</strong></span> 
     </span>
     <span class='ocr_line' id='line_1_30' title="bbox 102 3646 1254 3716; baseline -0.004 -9"><span class='ocrx_word' id='word_1_253' title='bbox 102 3653 184 3706; x_wconf 84' lang='lat' dir='ltr'><strong>etism</strong></span> <span class='ocrx_word' id='word_1_254' title='bbox 204 3659 265 3707; x_wconf 80' lang='lat' dir='ltr'><strong>cett.</strong></span> <span class='ocrx_word' id='word_1_255' title='bbox 286 3649 345 3704; x_wconf 77' lang='lat' dir='ltr'><strong>edd.</strong></span> <span class='ocrx_word' id='word_1_256' title='bbox 400 3652 418 3703; x_wconf 87' lang='lat'>4</span> <span class='ocrx_word' id='word_1_257' title='bbox 437 3649 562 3703; x_wconf 87' lang='lat' dir='ltr'><strong>uiuentes</strong></span> <span class='ocrx_word' id='word_1_258' title='bbox 581 3651 645 3702; x_wconf 82' lang='lat' dir='ltr'><strong>snut</strong></span> <span class='ocrx_word' id='word_1_259' title='bbox 662 3647 777 3702; x_wconf 84' lang='lat' dir='ltr'><strong>heredes</strong></span> <span class='ocrx_word' id='word_1_260' title='bbox 796 3653 860 3701; x_wconf 90' lang='lat' dir='ltr'><strong>sunt</strong></span> <span class='ocrx_word' id='word_1_261' title='bbox 881 3647 905 3700; x_wconf 88' lang='lat'><strong><em>0</em></strong></span> <span class='ocrx_word' id='word_1_262' title='bbox 954 3647 971 3698; x_wconf 84' lang='grc'><strong>6</strong></span> <span class='ocrx_word' id='word_1_263' title='bbox 990 3647 1055 3716; x_wconf 81' lang='lat' dir='ltr'><strong>ulio]</strong></span> <span class='ocrx_word' id='word_1_264' title='bbox 1074 3648 1103 3699; x_wconf 90' lang='lat' dir='ltr'><strong>in</strong></span> <span class='ocrx_word' id='word_1_265' title='bbox 1122 3647 1176 3700; x_wconf 83' lang='lat' dir='ltr'><strong>sliu</strong></span> <span class='ocrx_word' id='word_1_266' title='bbox 1199 3646 1254 3702; x_wconf 87' lang='lat' dir='ltr'><strong>GT</strong></span> 
     </span>
     <span class='ocr_line' id='line_1_31' title="bbox 102 3735 1252 3805; baseline -0.006 -9"><span class='ocrx_word' id='word_1_267' title='bbox 102 3743 116 3795; x_wconf 81' lang='lat'><strong>7</strong></span> <span class='ocrx_word' id='word_1_268' title='bbox 137 3759 168 3796; x_wconf 86' lang='lat' dir='ltr'><strong>ex</strong></span> <span class='ocrx_word' id='word_1_269' title='bbox 187 3740 481 3796; x_wconf 77' lang='lat' dir='ltr'><strong>hoe-consentientes</strong></span> <span class='ocrx_word' id='word_1_270' title='bbox 500 3753 551 3791; x_wconf 81' lang='lat' dir='ltr'><strong>em.</strong></span> <span class='ocrx_word' id='word_1_271' title='bbox 574 3737 629 3791; x_wconf 82' lang='lat' dir='ltr'><strong>GT</strong></span> <span class='ocrx_word' id='word_1_272' title='bbox 718 3737 752 3790; x_wconf 89' lang='grc'><strong>10</strong></span> <span class='ocrx_word' id='word_1_273' title='bbox 771 3752 836 3805; x_wconf 81' lang='lat' dir='ltr'><strong>erge</strong></span> <span class='ocrx_word' id='word_1_274' title='bbox 855 3753 907 3790; x_wconf 74' lang='lat' dir='ltr'><strong>em,</strong></span> <span class='ocrx_word' id='word_1_275' title='bbox 929 3735 985 3790; x_wconf 88' lang='lat' dir='ltr'><strong>GT</strong></span> <span class='ocrx_word' id='word_1_276' title='bbox 1056 3738 1099 3789; x_wconf 85' lang='lat' dir='ltr'><strong>est</strong></span> <span class='ocrx_word' id='word_1_277' title='bbox 1116 3735 1252 3804; x_wconf 77' lang='lat' dir='ltr'><strong>perfectus</strong></span> 
     </span>
     <span class='ocr_line' id='line_1_32' title="bbox 101 3824 1252 3892; baseline -0.004 -9"><span class='ocrx_word' id='word_1_278' title='bbox 101 3829 177 3883; x_wconf 90' lang='lat' dir='ltr'><strong>inT</strong></span> <span class='ocrx_word' id='word_1_279' title='bbox 263 3829 294 3881; x_wconf 82' lang='lat'><strong>12</strong></span> <span class='ocrx_word' id='word_1_280' title='bbox 314 3826 432 3882; x_wconf 85' lang='lat' dir='ltr'><strong>bonoG</strong></span> <span class='ocrx_word' id='word_1_281' title='bbox 514 3828 546 3880; x_wconf 86' lang='lat'><strong>13</strong></span> <span class='ocrx_word' id='word_1_282' title='bbox 566 3827 664 3880; x_wconf 79' lang='lat' dir='ltr'><strong>naritus</strong></span> <span class='ocrx_word' id='word_1_283' title='bbox 685 3826 757 3879; x_wconf 81' lang='lat' dir='ltr'><strong>lorus</strong></span> <span class='ocrx_word' id='word_1_284' title='bbox 776 3825 837 3879; x_wconf 83' lang='lat' dir='ltr'><strong>edd.</strong></span> <span class='ocrx_word' id='word_1_285' title='bbox 912 3826 943 3879; x_wconf 83' lang='lat'><strong>14</strong></span> <span class='ocrx_word' id='word_1_286' title='bbox 961 3825 1038 3878; x_wconf 88' lang='lat' dir='ltr'><strong>illum</strong></span> <span class='ocrx_word' id='word_1_287' title='bbox 1057 3841 1091 3878; x_wconf 79' lang='lat' dir='ltr'><strong>ex</strong></span> <span class='ocrx_word' id='word_1_288' title='bbox 1110 3840 1177 3888; x_wconf 72' lang='lat' dir='ltr'><strong>rae,-</strong></span> <span class='ocrx_word' id='word_1_289' title='bbox 1190 3824 1252 3892; x_wconf 71' lang='lat' dir='ltr'><strong>suit</strong></span> 
     </span>
     <span class='ocr_line' id='line_1_33' title="bbox 101 3911 1252 3972; baseline -0.007 0"><span class='ocrx_word' id='word_1_290' title='bbox 101 3918 188 3972; x_wconf 90' lang='lat' dir='ltr'><strong>ullum</strong></span> <span class='ocrx_word' id='word_1_291' title='bbox 206 3918 235 3971; x_wconf 81' lang='lat' dir='ltr'><em>L</em></span> <span class='ocrx_word' id='word_1_292' title='bbox 324 3918 356 3970; x_wconf 82' lang='grc'><strong>15</strong></span> <span class='ocrx_word' id='word_1_293' title='bbox 375 3915 515 3970; x_wconf 78' lang='lat' dir='ltr'><strong>ammittat</strong></span> <span class='ocrx_word' id='word_1_294' title='bbox 532 3915 559 3968; x_wconf 86' lang='lat' dir='ltr'><strong><em>L</em></strong></span> <span class='ocrx_word' id='word_1_295' title='bbox 646 3915 678 3967; x_wconf 91' lang='grc'><strong>16</strong></span> <span class='ocrx_word' id='word_1_296' title='bbox 698 3912 863 3967; x_wconf 78' lang='lat' dir='ltr'><strong>delectato</strong></span> <span class='ocrx_word' id='word_1_297' title='bbox 950 3913 981 3966; x_wconf 80' lang='lat'><strong>17</strong></span> <span class='ocrx_word' id='word_1_298' title='bbox 1001 3911 1140 3966; x_wconf 57' lang='lat' dir='ltr'><strong>nullissl&#39;</strong></span> <span class='ocrx_word' id='word_1_299' title='bbox 1210 3915 1252 3965; x_wconf 84' lang='lat' dir='ltr'><strong>est</strong></span> 
     </span>
     <span class='ocr_line' id='line_1_34' title="bbox 101 4000 1251 4070; baseline -0.007 -9"><span class='ocrx_word' id='word_1_300' title='bbox 101 4013 193 4062; x_wconf 79' lang='lat' dir='ltr'><strong>esstns</strong></span> <span class='ocrx_word' id='word_1_301' title='bbox 215 4007 242 4061; x_wconf 91' lang='lat' dir='ltr'><strong><em>G</em></strong></span> <span class='ocrx_word' id='word_1_302' title='bbox 352 4005 385 4060; x_wconf 90' lang='lat'><strong>18</strong></span> <span class='ocrx_word' id='word_1_303' title='bbox 409 4005 508 4059; x_wconf 81' lang='lat' dir='ltr'><strong>esritus</strong></span> <span class='ocrx_word' id='word_1_304' title='bbox 532 4005 596 4057; x_wconf 84' lang='lat' dir='ltr'><strong>eicit</strong></span> <span class='ocrx_word' id='word_1_305' title='bbox 613 4002 642 4056; x_wconf 82' lang='lat' dir='ltr'><em>R</em></span> <span class='ocrx_word' id='word_1_306' title='bbox 664 4002 724 4059; x_wconf 82' lang='lat' dir='ltr'><strong>edd.</strong></span> <span class='ocrx_word' id='word_1_307' title='bbox 834 4002 963 4057; x_wconf 84' lang='lat' dir='ltr'><strong>absciseit</strong></span> <span class='ocrx_word' id='word_1_308' title='bbox 984 4001 1037 4054; x_wconf 87' lang='lat' dir='ltr'><strong>OT</strong></span> <span class='ocrx_word' id='word_1_309' title='bbox 1053 4000 1081 4066; x_wconf 91' lang='lat' dir='ltr'><strong>(b</strong></span> <span class='ocrx_word' id='word_1_310' title='bbox 1100 4017 1135 4054; x_wconf 86' lang='lat' dir='ltr'><strong>m.</strong></span> <span class='ocrx_word' id='word_1_311' title='bbox 1154 4005 1170 4053; x_wconf 83' lang='lat'><strong><em>1</em></strong></span> <span class='ocrx_word' id='word_1_312' title='bbox 1188 4000 1251 4070; x_wconf 81' lang='lat' dir='ltr'><strong>del.)</strong></span> 
     </span>
     <span class='ocr_line' id='line_1_35' title="bbox 101 4088 1250 4161; baseline -0.009 -10"><span class='ocrx_word' id='word_1_313' title='bbox 101 4097 134 4151; x_wconf 80' lang='lat'><strong>20</strong></span> <span class='ocrx_word' id='word_1_314' title='bbox 154 4097 239 4151; x_wconf 77' lang='lat' dir='ltr'><strong>sciret</strong></span> <span class='ocrx_word' id='word_1_315' title='bbox 259 4096 352 4158; x_wconf 75' lang='lat' dir='ltr'><strong>flrm</strong></span> <span class='ocrx_word' id='word_1_316' title='bbox 406 4093 439 4147; x_wconf 81' lang='lat'><strong>21</strong></span> <span class='ocrx_word' id='word_1_317' title='bbox 460 4090 712 4161; x_wconf 79' lang='lat' dir='ltr'><strong>cestsm,m.1(?)</strong></span> <span class='ocrx_word' id='word_1_318' title='bbox 732 4095 927 4146; x_wconf 82' lang='lat' dir='ltr'><strong>eorr.esstum</strong></span> <span class='ocrx_word' id='word_1_319' title='bbox 944 4090 970 4144; x_wconf 90' lang='lat' dir='ltr'><strong><em>G</em></strong></span> <span class='ocrx_word' id='word_1_320' title='bbox 1020 4089 1055 4143; x_wconf 81' lang='lat'><strong>23</strong></span> <span class='ocrx_word' id='word_1_321' title='bbox 1074 4088 1250 4154; x_wconf 76' lang='lat' dir='ltr'><strong>fornicantur,</strong></span> 
     </span>
     <span class='ocr_line' id='line_1_36' title="bbox 99 4177 1251 4253; baseline -0.007 -15"><span class='ocrx_word' id='word_1_322' title='bbox 99 4187 148 4239; x_wconf 74' lang='lat' dir='ltr'><strong>sed</strong></span> <span class='ocrx_word' id='word_1_323' title='bbox 163 4185 218 4243; x_wconf 75' lang='lat' dir='ltr'><strong>surb</strong></span> <span class='ocrx_word' id='word_1_324' title='bbox 233 4191 307 4252; x_wconf 83' lang='lat' dir='ltr'><strong>peel.</strong></span> <span class='ocrx_word' id='word_1_325' title='bbox 327 4189 494 4252; x_wconf 78' lang='lat' dir='ltr'><strong>npmsetum</strong></span> <span class='ocrx_word' id='word_1_326' title='bbox 513 4181 570 4235; x_wconf 77' lang='lat' dir='ltr'><strong>wid.</strong></span> <span class='ocrx_word' id='word_1_327' title='bbox 591 4197 660 4235; x_wconf 81' lang='lat' dir='ltr'><strong>eras.</strong></span> <span class='ocrx_word' id='word_1_328' title='bbox 685 4182 719 4246; x_wconf 84' lang='grc' dir='ltr'><strong>Τ;</strong></span> <span class='ocrx_word' id='word_1_329' title='bbox 739 4181 774 4249; x_wconf 68' lang='lat' dir='ltr'><strong>ef.</strong></span> <span class='ocrx_word' id='word_1_330' title='bbox 800 4180 878 4248; x_wconf 72' lang='lat' dir='ltr'><strong>Vulp.</strong></span> <span class='ocrx_word' id='word_1_331' title='bbox 898 4197 990 4233; x_wconf 88' lang='lat' dir='ltr'><strong>omnes</strong></span> <span class='ocrx_word' id='word_1_332' title='bbox 1014 4179 1061 4248; x_wconf 86' lang='lat' dir='ltr'><strong>qni</strong></span> <span class='ocrx_word' id='word_1_333' title='bbox 1083 4177 1251 4253; x_wconf 73' lang='lat' dir='ltr'><strong>fornicantur</strong></span> 
     </span>
     <span class='ocr_line' id='line_1_37' title="bbox 100 4266 1250 4342; baseline -0.007 -14"><span class='ocrx_word' id='word_1_334' title='bbox 100 4277 134 4328; x_wconf 64' lang='lat'><strong>21»</strong></span> <span class='ocrx_word' id='word_1_335' title='bbox 154 4274 295 4330; x_wconf 67' lang='lat' dir='ltr'><strong>cnnv&#39;iunx</strong></span> <span class='ocrx_word' id='word_1_336' title='bbox 314 4274 385 4342; x_wconf 69' lang='lat' dir='ltr'><strong>(suit</strong></span> <span class='ocrx_word' id='word_1_337' title='bbox 405 4277 432 4340; x_wconf 85' lang='lat' dir='ltr'><strong>u)</strong></span> <span class='ocrx_word' id='word_1_338' title='bbox 455 4273 480 4326; x_wconf 86' lang='grc' dir='ltr'><em>Τ</em></span> <span class='ocrx_word' id='word_1_339' title='bbox 582 4271 732 4324; x_wconf 77' lang='lat' dir='ltr'><strong>adulterum</strong></span> <span class='ocrx_word' id='word_1_340' title='bbox 756 4271 838 4324; x_wconf 86' lang='lat' dir='ltr'><strong>OGT</strong></span> <span class='ocrx_word' id='word_1_341' title='bbox 855 4274 898 4337; x_wconf 77' lang='lat' dir='ltr'><strong>(ex</strong></span> <span class='ocrx_word' id='word_1_342' title='bbox 915 4287 982 4334; x_wconf 65' lang='grc' dir='ltr'><strong>ταῖς</strong></span> <span class='ocrx_word' id='word_1_343' title='bbox 995 4269 1056 4337; x_wconf 78' lang='lat' dir='ltr'><strong>fuit</strong></span> <span class='ocrx_word' id='word_1_344' title='bbox 1076 4266 1250 4333; x_wconf 74' lang='lat' dir='ltr'><strong>adulterium)</strong></span> 
     </span>
    </p>
   </div>
   <div class='ocr_carea' id='block_1_5' title="bbox 0 0 1550 4959">
    <p class='ocr_par' dir='ltr' id='par_1_5' title="bbox 0 0 1550 4959">
     <span class='ocr_line' id='line_1_38' title="bbox 0 0 1550 4959; baseline 0 2"><span class='ocrx_word' id='word_1_345' title='bbox 0 0 1550 4959; x_wconf 95' lang='lat' dir='ltr'><strong> </strong></span> 
     </span>
    </p>
   </div>
  </div>
 </body>
</html>
