3092 4959
621 367 647 420 S.
676 366 815 422 Aureli
841 367 1061 436 Augustini

263 558 368 622 tradat
395 561 532 642 quisque
561 579 655 625 suurn
685 581 811 645 corpus,
839 566 876 626 nt
903 562 1021 637 ardeat,
1049 579 1113 626 non
1134 561 1258 641 utique,
1285 563 1324 622 nt
1344 559 1407 639 ipse

262 685 299 730 se
327 667 358 730 in
386 666 494 750 ignem
521 668 639 744 mittar,
669 669 794 750 qnando
823 671 1066 752 persequentem
1093 667 1216 748 patitur
1234 665 1409 740 inimicum,

262 773 331 850 sed,
356 774 479 856 quando
500 775 529 838 ei
548 777 743 858 proponitur,
767 780 806 840 ut
824 779 880 840 aut
897 775 974 840 mali
997 774 1117 855 aliquid
1140 774 1237 841 laniat
1258 775 1317 836 ant
1339 770 1408 834 mali

261 881 384 962 aliquid
411 882 560 963 patiatur,
589 883 688 965 eligat
715 901 776 948 non
800 883 903 947 faeere
927 883 1011 946 mola
1034 899 1130 963 qnam
1153 897 1217 942 non
1240 877 1409 960 pati-malr

261 993 359 1070 atque
391 988 437 1051 ita
469 1007 583 1070 eorpus
617 1007 713 1053 sunm
745 989 851 1052 tradat
891 989 923 1052 in
960 989 1153 1069 potestatem
1190 983 1446 1048 interfectores

262 1095 349 1160 siout
375 1099 439 1160 tres
468 1095 515 1158 illi
544 1096 605 1160 uiri
633 1097 787 1172 fecerunt,
816 1096 872 1178 qui
900 1114 1025 1160 auream
1047 1097 1191 1160 statuam
1218 1090 1410 1174 cogebantur

261 1201 391 1266 adorare
429 1206 469 1278 et,
507 1203 568 1267 nisi
600 1203 749 1282 iacerent,
786 1203 967 1269 minabatur
999 1201 1045 1266 eis
1077 1200 1144 1276 ille,
1180 1198 1237 1281 qni
1268 1196 1410 1280 cogebat,

263 1309 421 1373 caminum
449 1310 533 1394 ignis
563 1311 734 1376 ardentem.
763 1311 886 1376 idolnrn
911 1310 1039 1375 adorare
1062 1308 1242 1384 noluerunt,
1269 1323 1330 1368 non
1352 1303 1410 1384 ipsi

263 1434 296 1478 se
326 1416 355 1478 in
384 1415 490 1498 ignem
519 1417 675 1481 miserunt
703 1421 735 1481 et
761 1421 869 1482 tamen
897 1417 994 1481 etiam
1023 1414 1062 1478 de
1085 1413 1151 1478 illis
1175 1412 1331 1492 seriptum
1353 1415 1410 1472 est.

263 1521 347 1602 qnod
367 1521 609 1586 trad-iderunt
627 1541 784 1605 oorporn
799 1543 877 1593 sua,
892 1525 935 1586 nt
948 1539 1068 1601 neque
1087 1520 1282 1584 seruirent
1298 1535 1410 1597 neque
1428 1533 1445 1566 n

263 1627 463 1692 adorarent
489 1627 608 1692 ullum
633 1629 741 1693 deum
770 1629 836 1692 sed
860 1628 968 1694 deum
993 1647 1110 1692 snum.
1133 1645 1209 1690 eooe
1233 1642 1297 1707 quo
1321 1621 1410 1686 modo

264 1733 343 1796 dixit
371 1737 551 1814 apostolus:
582 1735 620 1800 Si
648 1735 840 1799 tradidero
866 1753 1001 1816 eorpus
1029 1752 1162 1808 meum,
1190 1736 1233 1796 ιιι
1256 1730 1411 1794 ardeam.

218 1831 238 1892 6
308 1837 400 1918 Quod
429 1844 535 1904 nutem
565 1842 719 1922 sequitur,
748 1841 837 1906 uide:
867 1839 1127 1906 sirmitanam
1152 1837 1410 1904 nonhaheam.

263 1947 360 2010 nihil
393 1946 483 2010 mihi
517 1947 681 2031 prodest.
715 1947 754 2012 ad
787 1949 881 2013 istam
916 1948 1079 2012 caritatem
1112 1945 1249 2022 uocalis,
1281 1945 1321 2008 ab
1351 1943 1410 2008 ina

262 2055 395 2118 raritate
413 2055 515 2136 perire
533 2073 594 2122 non
614 2055 727 2119 sineris
747 2061 780 2119 et
802 2059 896 2137 putas
920 2055 978 2118 tihi
1002 2053 1124 2136 aliquid
1146 2051 1310 2136 prodesse,
1331 2051 1359 2113 si
1380 2054 1450 2112 te1⁵
1538 2130 1539 2139 ἵ

261 2162 330 2242 ipse
349 2161 538 2244 praecipites
556 2162 588 2227 in
608 2161 783 2239 interitum,
808 2181 880 2226 eum
899 2162 960 2227 tibi
982 2161 1062 2224 nihil
1086 2159 1263 2243 prodesset,
1288 2157 1411 2222 etiamsi

262 2266 343 2330 alter
370 2269 402 2330 te
430 2266 588 2330 occideret
612 2267 753 2331 caritatis
781 2267 956 2331 inimicum.
985 2265 1062 2331 ioris
1086 2269 1192 2330 antem
1217 2265 1257 2328 ab
1282 2263 1412 2328 ecelesia

263 2373 458 2436 eonst‘tutus
474 2375 506 2436 ot
525 2376 691 2455 separatus
711 2393 728 2435 a
748 2391 901 2456 compage
919 2373 1053 2438 unitatis
1072 2376 1106 2437 et
1123 2371 1253 2436 ninonlo
1273 2368 1412 2434 caritatis

262 2483 388 2543 aeterno
414 2479 570 2561 supplioio
594 2479 760 2562 punireris.
790 2480 916 2544 etiamsi
942 2499 1000 2563 pro
1023 2477 1144 2544 Christi
1166 2477 1296 2542 nomine
1318 2479 1411 2542 uiuos

261 2585 483 2651 incendereris.
499 2585 560 2651 hoo
574 2591 624 2650 est
638 2585 732 2662 enim,
752 2587 838 2669 quod
853 2587 899 2651 ait
912 2587 1093 2669 apostolus:
1112 2586 1159 2650 Et
1173 2586 1205 2650 si
1219 2585 1409 2649 tradidero
1426 2593 1451 2630 ²>
1538 2598 1539 2681 ζ

263 2709 398 2775 eorpus
412 2711 542 2756 meum.
563 2697 604 2756 ut
619 2694 778 2770 ardeam,
798 2695 998 2758 caritatem
1013 2698 1139 2758 autem
1157 2712 1227 2758 non
1246 2692 1410 2757 habeam,

262 2799 358 2863 nihil
378 2799 468 2862 mihi
487 2799 652 2881 prodest.
672 2819 788 2864 ronooa
806 2819 881 2882 ergo
896 2799 1091 2864 animemed
1106 2818 1216 2865 sonem
1234 2799 1411 2864 considera·

261 2906 380 2971 tionem
400 2909 433 2969 et
452 2905 590 2969 sobriam
614 2907 857 2989 cogitationem
882 2906 1016 2972 adtende
1039 2906 1217 2990 diligenter,
1241 2914 1352 2972 ntrnrn
1373 2906 1410 2969 ad

262 3031 397 3076 errorem
418 3015 450 3075 et
468 3012 665 3094 impietatem
685 3013 822 3089 nonoris,
845 3016 879 3078 et
896 3016 1004 3096 patero
1023 3033 1080 3096 pro
1098 3013 1235 3078 ueritate
1253 3012 1411 3094 quashbot

262 3118 438 3182 molestias.
472 3119 500 3181 si
533 3123 640 3183 autem
669 3123 706 3184 tu
734 3119 843 3202 potins
870 3120 902 3183 in
931 3138 1035 3184 erroro
1062 3123 1160 3202 atque
1186 3120 1217 3183 in
1245 3120 1411 3202 impietate
1428 3126 1452 3165 ὅ
1538 3192 1539 3195 ¹

261 3225 410 3300 ueretris,
442 3245 504 3306 qno
534 3229 640 3289 autern
669 3225 804 3302 notaris,
837 3226 883 3288 ibi
911 3230 961 3291 est
989 3226 1107 3292 ueritas
1136 3231 1170 3291 et
1195 3227 1313 3310 pietas.
1341 3227 1413 3309 qnia

350 3483 456 3537 iiDan.
475 3485 501 3546 3,
523 3485 625 3538 13-21
684 3485 717 3540 10
736 3487 806 3540 Dan.
827 3487 852 3550 3,
871 3488 905 3541 95
962 3487 1009 3554 13;
1030 3487 1097 3541 201
1116 3487 1177 3542 Cor.
1199 3490 1241 3545 13.
1261 3489 1279 3542 3

297 3643 494 3713 3proponitnr
513 3645 537 3698 ei
556 3644 587 3699 F
672 3646 795 3715 lelegit
812 3648 840 3699 A
859 3645 945 3716 eligat
962 3648 1051 3716 magis
1069 3647 1107 3702 P¹
1198 3665 1280 3719 quam
1299 3651 1360 3718 psti
1376 3658 1411 3714 (m

262 3747 339 3786 eram
356 3749 392 3786 m.
412 3736 432 3784 2
450 3749 529 3801 corn,
548 3733 623 3801 quod
641 3733 693 3804 lepi
709 3735 885 3801 nequeant*
943 3737 1125 3792 8uolnernnt
1143 3739 1170 3792 A
1233 3739 1340 3809 hillis]
1358 3739 1412 3794 illis

262 3821 301 3874 sio
319 3819 437 3874 MFAG
453 3821 514 3878 edd.
593 3823 624 3876 ll
645 3822 722 3876 illum
740 3823 768 3878 R
847 3826 881 3878 14
900 3823 934 3878 ab
953 3826 1009 3879 ista
1027 3825 1142 3881 cantate
1161 3828 1259 3897 perire]
1279 3828 1316 3882 ad
1334 3830 1411 3882 inim

262 3909 403 3963 caritatem
421 3913 557 3979 pertinere
575 3911 603 3964 P
685 3912 718 3966 15
736 3912 878 3981 prodesses
892 3914 964 3980 (suit
981 3919 1004 3979 t)
1023 3914 1051 3968 P
1140 3915 1174 3969 18
1193 3933 1322 3986 conpede,
1341 3935 1376 3972 ιι.
1394 3921 1413 3970 2

263 4013 383 4066 conpage
401 3998 429 4051 P
494 4000 525 4052 19
545 3999 664 4068 punieris
683 3999 714 4052 F
773 3999 810 4054 20
827 4000 981 4055 incenderis
998 4002 1030 4056 F
1092 4004 1291 4058 nicanorem
1309 4007 1411 4072 natea}

262 4087 403 4140 caritatem
422 4089 483 4154 (om.
502 4091 604 4154 antem)
623 4087 713 4142 MFA
733 4092 761 4142 et
780 4090 920 4144 caritatem
942 4089 1031 4146 OP¹R
1085 4093 1121 4146 24
1139 4093 1245 4146 uocatis
1262 4094 1291 4146 Ρ
1344 4095 1412 4148 neri·

261 4177 383 4242 tathlm
402 4177 530 4243 erne.)A
584 4179 618 4230 25
638 4176 736 4245 adque,
756 4183 927 4246 amantque
946 4179 974 4232 P
1044 4181 1073 4234 in
1092 4197 1145 4234 om.
1166 4180 1411 4246 PF(ur.1odd.=

262 4263 740 4330 ooibr,m.2nisiib10ubin
814 4267 931 4336 quodC
