3092 4959
459 349 729 421 epistularum
758 350 902 406 CXXXIV.
1215 355 1257 420 87

98 547 213 613 uerbis
236 547 483 631 implicarentur.
506 547 640 633 legenda
664 551 739 614 suni
763 551 855 632 geste
879 547 918 612 ad
943 546 1097 612 sanandas
1126 547 1258 622 animas,

99 673 185 737 quas
206 654 359 738 pestifera
381 655 529 720 suasione
552 657 798 720 neuenauerunt.
823 653 977 736 numquid
1000 654 1106 736 placet
1129 653 1197 733 tibi,
1222 659 1260 720 ut

100 761 143 826 ad
160 761 257 826 tinem
276 765 451 839 gestorum,
471 761 499 827 si
519 767 683 826 cruentum
704 761 839 826 istorum
859 760 1052 844 snrpplicium
1073 761 1257 840 continebit,

97 868 237 952 legendo
260 867 424 950 peruenire
447 867 629 945 timeamus,
654 867 710 932 ubi
732 867 882 950 ponimus
907 871 939 932 et
966 867 1069 950 ipsam
1098 867 1258 934 conscien-

64 995 77 1029 ⁵
98 975 195 1050 tiam,
219 994 258 1040 ne
281 976 401 1039 malum
424 993 480 1058 pro
504 975 599 1050 maio,
623 975 678 1056 qni
701 975 789 1056 passi
814 978 899 1051 sunt,
923 973 1101 1040 reddidisse
1129 975 1258 1039 uidean-

100 1082 179 1146 tur?
217 1081 245 1146 si
280 1101 355 1166 ergo
393 1083 473 1146 nihil
509 1080 597 1146 aliud
629 1082 878 1146 constitueretur
914 1081 1081 1146 frenandae
1120 1082 1259 1146 malitiae

99 1187 313 1270 perditomm
338 1192 476 1254 extrema
498 1188 635 1254 fortasse
657 1189 843 1265 necessitas,
867 1189 1007 1253 uitales
1032 1189 1259 1267 occiderentur,

102 1301 249 1381 urgeret,
274 1315 476 1379 quamquam,
501 1295 586 1378 quod
609 1294 649 1361 ad
672 1315 730 1360 nos
754 1295 886 1370 adtinet,
912 1295 938 1360 si
967 1296 1045 1360 nihil
1073 1295 1185 1362 mitius
1213 1296 1258 1360 sis

100 1403 176 1468 fieri
206 1407 326 1485 posset,
358 1403 528 1468 mallemus
561 1422 615 1468 eos
648 1404 764 1468 liberos
797 1403 938 1480 relaxari,
968 1423 1061 1486 quam
1094 1403 1258 1486 passiones

48 1529 79 1567 ιο
100 1510 241 1575 fratrum
264 1513 444 1576 nostrorum
466 1510 539 1576 fuso
563 1529 670 1575 corum
700 1510 853 1594 sanguine
881 1509 1047 1576 uindicari.
1074 1529 1157 1575 nunc
1183 1529 1258 1575 uero

101 1637 181 1685 cum
204 1621 238 1682 et
260 1617 382 1700 aliquid
405 1615 473 1681 fieri
492 1617 607 1698 possit,
627 1635 689 1699 quo
708 1618 741 1680 et
759 1616 847 1680 mitis
868 1616 1107 1680 commendetur
1124 1615 1260 1680 ecclesie

102 1729 138 1788 et
172 1723 332 1788 inmitium
366 1723 551 1789 cohibeatur
583 1723 725 1803 audacis,
754 1741 810 1786 cnr
840 1741 901 1786 non
934 1722 1043 1787 flectas
1074 1722 1107 1786 in
1137 1724 1258 1804 partem

100 1831 375 1914 prouidentiorem
401 1830 618 1912 lenioremque
646 1830 846 1906 sententiam,
877 1829 961 1913 quod
992 1830 1069 1894 licet
1099 1827 1259 1892 iudicibus

100 1938 212 2002 facere
244 1937 339 2002 etiam
372 1954 434 2000 non
465 1937 498 2000 in
531 1936 637 2001 causis
670 1936 846 2001 ecclesiae?
879 1937 956 2000 time
985 1955 1059 2021 ergo
1093 1935 1259 1999 nobiscum

51 2062 81 2102 as
101 2043 264 2108 iudicium
288 2043 339 2107 dei
361 2033 460 2126 paitris
484 2046 516 2106 et
540 2041 726 2107 commenda
744 2043 1020 2108 mansuetudinem
1041 2042 1162 2106 metris.
1187 2060 1258 2104 cum

102 2149 194 2212 enim
216 2152 254 2213 tu
276 2149 365 2226 facis,
385 2148 521 2213 ccclesia
539 2149 625 2225 facit,
644 2152 773 2230 propter
796 2167 890 2231 quom
909 2149 988 2214 facis
1012 2152 1044 2214 et
1063 2149 1154 2214 cuius
1173 2147 1259 2212 filius

101 2255 200 2321 facis.
220 2255 373 2320 contende
388 2255 529 2320 bonitate
549 2275 620 2319 cum
640 2255 744 2320 maiis.
763 2257 814 2320 ilii
833 2257 950 2321 scelere
969 2256 1100 2321 immani
1119 2257 1261 2320 membra

102 2363 147 2427 de
182 2380 310 2446 corpore
342 2362 418 2428 uiuo
452 2365 648 2439 auulserunt
677 2365 713 2426 tu
746 2381 839 2446 opere
871 2363 1069 2430 misericordi
1098 2363 1196 2442 effice,
1224 2366 1261 2428 ut

102 2469 177 2546 illa,
215 2487 294 2550 quas
330 2468 475 2533 nefandis
512 2467 661 2552 oporibus
698 2467 892 2545 exercebant,
932 2468 1027 2534 alicui
1065 2468 1137 2533 utili
1175 2469 1260 2552 operi
1292 2549 1296 2554 Ι

52 2578 234 2658 reintegra
274 2593 382 2639 eornm
425 2575 568 2640 membre
609 2574 803 2650 deseruisn13
850 2575 898 2639 ilii
945 2593 1005 2640 non
1053 2577 1262 2660 pepercerunt

205 2800 317 2854 onom.
338 2801 379 2863 12,
401 2800 435 2854 17

144 2926 164 2977 2
188 2927 358 2979 uenencmnt
376 2923 407 2979 Ε
426 2928 597 2978 nenaucrunt
614 2925 642 2979 R
665 2929 865 2979 uenerauerunt
882 2924 972 2978 MFA
997 2928 1041 2989 (m.
1062 2928 1081 2978 2
1103 2925 1261 2978 uulneraue-

104 3015 186 3080 runt)
241 3015 257 3066 3
277 3013 317 3066 sic
334 3015 461 3067 ruentum
479 3014 594 3082 circulo
613 3029 680 3068 corr,
699 3013 737 3068 Μ
752 3014 792 3068 sis
811 3015 877 3080 (soit
896 3017 920 3080 c)
940 3017 1080 3068 cruentum
1095 3013 1123 3066 P
1175 3015 1191 3065 5
1209 3029 1261 3082 me,

103 3122 143 3158 ns.
167 3106 238 3156 2nc
257 3101 286 3156 R
356 3101 487 3166 reddisse,
506 3120 540 3156 m.
559 3107 575 3156 1
593 3119 663 3157 corr.
682 3102 835 3157 reddidisse
857 3103 882 3155 Τ
900 3102 1006 3157 dedisse
1025 3102 1055 3156 Ε
1142 3102 1158 3155 8
1179 3100 1260 3170 quod]

105 3196 142 3246 nt
163 3190 200 3245 M
302 3191 374 3246 eir
464 3191 587 3262 9possit
604 3191 636 3245 E
740 3192 880 3256 molemus,
899 3209 932 3245 or.
951 3196 967 3245 1
985 3207 1054 3246 corr.
1074 3191 1217 3244 mallemus
1234 3189 1266 3246 F

146 3281 269 3334 relaxare
287 3280 315 3334 R
383 3280 416 3333 10
435 3280 575 3334 uindicare
593 3282 621 3334 A
690 3282 721 3335 ll
744 3297 802 3335 curn
823 3280 859 3351 et]
881 3280 1007 3348 quoniam
1027 3279 1063 3334 P¹
1080 3280 1139 3348 fla
1157 3295 1216 3333 curn
1236 3296 1262 3332 m

147 3368 225 3423 aliud
242 3368 274 3422 E
324 3373 417 3440 potest
436 3368 473 3422 P¹
526 3370 619 3424 mitius
638 3370 669 3424 E
726 3369 759 3424 12
777 3371 934 3424 immanium
954 3373 1082 3423 cenentur
1098 3370 1129 3423 E
1182 3369 1216 3422 14
1234 3369 1262 3422 in

106 3459 156 3513 bis
178 3455 205 3510 Τ
275 3474 339 3527 ergo
358 3474 410 3512 om.
433 3458 459 3511 T
513 3460 545 3514 15
565 3458 705 3512 commoda
723 3459 752 3511 A
827 3457 1069 3520 mansuetudinem,
1088 3473 1175 3526 supro
1193 3461 1263 3510 m.1

105 3549 120 3602 1
141 3545 367 3600 consuetudinem
388 3545 424 3599 1³¹
442 3545 665 3600 consuetudinem
683 3545 794 3600 FAPR
895 3548 927 3600 16
947 3561 1026 3615 quarn
1047 3543 1114 3598 iacit
1130 3545 1168 3598 M
1183 3545 1263 3614 (m.1

106 3651 184 3693 corr.
203 3650 285 3702 quarn
302 3634 381 3700 facis)
398 3635 429 3689 F
445 3635 518 3705 quod
535 3635 604 3689 focis
621 3634 650 3689 R
759 3637 790 3690 17
816 3635 967 3689 bonitatem
992 3639 1028 3700 (nr
1054 3651 1087 3688 m.
1109 3638 1128 3687 2
1146 3637 1217 3702 cccc.)
1235 3635 1266 3688 Ε

147 3722 206 3777 illis
225 3725 249 3790 (s
267 3727 338 3792 sap.)
357 3723 444 3778 celere
462 3725 497 3778 M
515 3724 557 3778 illi
575 3724 671 3778 sceleri
689 3724 744 3778 ΕΑ
817 3724 933 3784 inmens,
954 3741 987 3776 m.
1007 3726 1027 3776 2
1044 3723 1146 3776 inmani
1165 3722 1196 3776 Ε
1212 3723 1262 3775 im·

106 3812 236 3868 manium
249 3811 287 3866 Μ
304 3817 360 3878 (nm
378 3830 413 3866 m.
431 3818 465 3867 aet
481 3813 540 3866 uid.
555 3817 570 3866 1
584 3813 648 3871 del.)
663 3813 747 3868 ΕΑΒ
761 3813 873 3868 immani
893 3813 936 3865 ·II·
958 3811 1015 3877 (·11·
1029 3829 1087 3866 non
1103 3812 1262 3882 sencinum,

106 3900 163 3958 sed
180 3916 251 3956 corr.
268 3901 386 3968 factum,
403 3917 487 3970 asper
504 3902 579 3971 quod
595 3919 631 3959 m.
650 3904 670 3955 2
689 3902 754 3956 add.
773 3901 879 3968 duo)P
917 3901 1021 3954 leuno
1042 3901 1068 3953 P
1121 3901 1263 3954 uulscrunt

106 3993 142 4048 E
214 3989 398 4060 misericordie
417 3991 447 4043 Ε
461 3990 647 4044 misericordie
666 3990 693 4043 P
759 3991 792 4044 19
812 3989 985 4046 exsercebsnt
1004 3990 1071 4058 (suit
1091 3989 1162 4057 eid*
1233 3993 1263 4042 ut

107 4081 154 4136 1111
172 4077 277 4146 (alteo
294 4077 305 4131 l
323 4085 395 4148 corp.)
413 4080 508 4150 opperi
525 4079 563 4134 M
578 4083 610 4133 ut
626 4080 669 4133 illi
688 4080 763 4149 operi
776 4079 804 4134 R
822 4080 979 4149 utileipers
994 4079 1094 4147 (fuiti)
1109 4077 1139 4131 F
1172 4080 1206 4131 20
1220 4079 1262 4132 in-

109 4175 193 4238 tegra
212 4184 264 4221 om.
277 4167 316 4222 Ρι
422 4168 544 4223 membra
563 4186 655 4223 eorum
669 4169 706 4223 Ρι
815 4169 981 4236 deseruiunt‚
1000 4173 1065 4224 m.1
1085 4185 1153 4222 corr.
1173 4167 1263 4221 deser·

109 4259 195 4314 uiant
213 4257 245 4312 E
