3092 4959
294 379 360 442 272
650 379 677 432 S.
705 378 846 433 Aureli
873 380 1094 448 Augustini

293 573 343 634 ost
369 569 604 652 iniquissimus,
635 591 728 653 quem
761 591 819 636 nec
852 591 971 656 poenae
1006 573 1183 656 corporales
1217 574 1373 642 deterrent
1402 578 1433 642 ab

291 677 450 742 inmundis
475 677 623 760 operibus
648 678 793 754 sordidae
816 679 1005 761 uoluptatis,
1025 680 1071 744 ita
1089 680 1143 744 ille
1162 681 1370 758 iustissimus,
1388 685 1432 766 qui

291 804 348 850 nec
372 804 545 867 poenarum
564 785 775 867 corporalium
796 789 914 851 terrore
933 789 1102 850 reuocatur
1121 806 1140 851 a
1158 789 1277 853 sanctis
1297 790 1433 872 oporibus

289 891 562 956 luminosissimae
586 892 738 958 caritatis.

247 995 265 1057 7
336 997 424 1078 Quae
462 999 603 1063 caritas
642 999 711 1076 dei,
745 1000 829 1081 quod
861 1005 1014 1083 perpetua
1048 1001 1240 1084 cogitatione
1273 1003 1464 1068 tenendums

290 1111 349 1180 est,
392 1105 627 1170 diffunditur
666 1106 703 1170 in
745 1107 926 1172 cordibus
968 1109 1113 1173 nostris
1155 1127 1221 1189 per
1265 1109 1431 1191 spiritum

290 1215 473 1290 sanctum,
508 1213 572 1296 qui
606 1213 716 1278 datus
750 1216 809 1278 est
841 1213 960 1296 nobis,
993 1219 1045 1292 ut,
1079 1215 1140 1298 qui
1174 1214 1373 1298 gloriatur,
1402 1217 1431 1280 in

290 1319 438 1385 domino
471 1321 668 1403 glorietur.
702 1339 776 1384 cum
809 1339 883 1404 orgo
912 1340 968 1385 nos
997 1322 1094 1386 buius
1123 1322 1277 1402 caritatis,
1307 1343 1368 1405 qua
1392 1325 1432 1387 ler

288 1427 457 1492 uerissime
488 1427 651 1510 impletur,
684 1446 840 1510 pauperos
878 1431 1072 1512 egentesque
1106 1429 1274 1506 sentimus,
1312 1449 1371 1494 non
1400 1429 1432 1492 de

288 1535 395 1617 inopia
417 1536 526 1598 nostra
549 1533 680 1597 diuitias
699 1534 768 1598 eins
789 1536 912 1618 exigere
933 1534 989 1598 sed
1008 1536 1125 1600 orando
1144 1540 1262 1618 pctore,
1283 1542 1431 1618 quaerero,
1446 1563 1464 1598 u

287 1644 416 1724 pulsare
440 1640 605 1717 debemus,
625 1644 662 1705 ut
684 1640 750 1718 ille,
771 1641 856 1722 apud
880 1661 973 1723 quom
998 1646 1047 1705 ost
1067 1642 1137 1706 fons
1161 1642 1259 1718 uitas,
1281 1642 1335 1707 det
1352 1643 1431 1708 nobis

286 1748 433 1813 inebriari
461 1748 500 1810 ab
528 1747 675 1812 ubertate
703 1747 817 1812 domus
847 1767 923 1812 suae
952 1752 984 1812 ot
1014 1748 1191 1832 uoluptatis
1225 1767 1303 1814 suae
1335 1754 1432 1832 potare

287 1860 470 1932 torrentem,
491 1874 552 1936 quo
576 1853 722 1919 inundati
747 1859 842 1937 atque
862 1856 1004 1940 uegetati
1024 1875 1086 1920 non
1106 1855 1211 1920 solum
1230 1855 1364 1921 tristitia
1380 1873 1430 1919 nou

287 1962 523 2038 absorbeamur,
544 1982 672 2026 uerum
698 1963 813 2026 etiam
834 1963 1042 2046 gloriemur
1066 1963 1101 2027 in
1121 1963 1430 2028 tribulationibus

287 2068 464 2144 scientes,
481 2068 568 2150 quia
586 2068 788 2134 tribulatio
804 2069 1026 2152 patientiam
1048 2073 1236 2151 oporatur,
1252 2067 1430 2150 patientia
1445 2095 1462 2131 1·

286 2175 562 2258 probationem,
582 2175 757 2256 probatio
783 2196 895 2258 spem,
921 2195 1007 2256 spes
1031 2194 1121 2241 uero
1140 2195 1210 2240 non
1231 2175 1429 2241 confundit.

287 2301 347 2346 non
372 2283 448 2364 qrria
470 2300 526 2364 por
548 2282 713 2365 nosipsos
737 2283 797 2346 hoo
816 2301 1000 2365 possumus,
1022 2282 1077 2346 sed
1102 2283 1276 2364 quoniam
1302 2282 1429 2346 caritas

286 2389 345 2453 dei
387 2388 533 2453 diffusa
575 2392 632 2453 est
675 2390 709 2451 in
754 2389 933 2453 cordibus
975 2388 1120 2453 nostris
1162 2407 1226 2471 per
1263 2389 1430 2472 spiritum

287 2500 468 2560 sanctum.
494 2496 559 2578 qni
582 2495 695 2560 datus
720 2499 779 2561 est
802 2496 920 2560 nobis.

241 2599 260 2659 8
330 2603 516 2667 Delectauit
542 2623 593 2667 me
620 2603 684 2668 ista
712 2604 826 2667 saltem
854 2621 909 2684 per
935 2603 1060 2667 litteras
1091 2603 1180 2685 loqui
1213 2605 1331 2670 tecum.
1360 2618 1465 2684 quaeso
1528 2687 1529 2697 ἵ

286 2730 358 2775 cnm
382 2713 548 2793 praesente
572 2729 632 2776 non
656 2711 758 2794 potui,
779 2719 810 2774 et
834 2710 894 2774 hoo
918 2729 979 2774 non
1003 2713 1191 2792 propterte,
1213 2709 1269 2792 qui
1292 2729 1352 2774 non
1374 2709 1431 2772 alta

286 2817 411 2898 sapiens
436 2817 597 2882 consentis
617 2817 805 2891 humilibus,
826 2817 882 2880 sod
900 2820 1029 2899 propter
1047 2816 1211 2898 quosdam,
1233 2816 1288 2897 qui
1307 2815 1430 2879 nimium

285 2924 440 3008 adrogant
462 2923 619 2988 humanae
645 2923 935 3005 adnotationem
963 2923 1035 3007 lege
1064 2923 1138 2987 data
1165 2926 1282 3006 putant
1308 2921 1430 2986 adeam

285 3031 477 3112 implendam
502 3031 563 3096 sibi
596 3039 690 3114 posse
724 3030 869 3094 sufficere
902 3029 990 3095 nulla
1023 3049 1118 3112 super
1150 3029 1325 3093 doctrinam
1357 3027 1430 3111 legis

285 3139 388 3221 gratia
406 3140 535 3202 sanctae
553 3137 770 3218 inspirationis
791 3136 943 3201 adiutam.
961 3157 1017 3221 per
1036 3155 1171 3218 quorum
1191 3135 1430 3219 disputationem
1445 3155 1466 3196 u

375 3363 790 3432 sacm.5,5;1oor.1.ar
877 3364 994 3419 ronne.
1016 3363 1093 3430 11‚o
1173 3361 1431 3426 11Ps.35,1o;9
1527 3323 1528 3414 l

287 3455 319 3509 14
339 3455 415 3508 Rom.
436 3455 460 3517 5,
480 3454 551 3506 3-5
606 3454 639 3505 21
660 3453 738 3507 Rom.
760 3453 802 3518 12,
825 3453 856 3504 16

322 3579 333 3631 1
356 3593 425 3648 pene
444 3578 471 3629 A
552 3577 702 3629 3nocatur
720 3575 748 3627 P
765 3578 810 3641 (m.
832 3577 1024 3640 Rreuoostnr)
1044 3576 1070 3626 A
1154 3573 1268 3627 duobis
1288 3575 1319 3626 in
1336 3573 1390 3639 fine
1406 3587 1430 3624 c.

283 3683 334 3720 om.
354 3667 381 3718 A
443 3665 624 3733 aglometur
642 3664 670 3716 P
759 3679 825 3731 quaa
844 3663 865 3730 (i
882 3665 964 3728 eras.)
983 3661 1011 3715 P
1082 3663 1263 3731 9seutimns]
1287 3657 1431 3714 eramusli

285 3756 315 3808 ll
338 3753 381 3821 dc,
398 3771 433 3808 m.
452 3759 469 3808 1
486 3769 557 3807 corr.
577 3753 624 3805 det
642 3751 679 3804 Μ
760 3751 793 3804 12
812 3754 908 3818 putare
928 3758 973 3811 (m.
993 3755 1009 3804 1
1028 3767 1100 3805 corr.
1120 3755 1226 3820 potare)
1245 3753 1390 3804 torrentem
1409 3745 1434 3798 P

283 3847 379 3914 potare
406 3846 526 3896 torrente
554 3840 592 3894 P²
619 3841 664 3910 (m,
693 3843 713 3892 2
740 3839 830 3909 potari
857 3841 989 3904 torrente)
1013 3839 1041 3893 R
1072 3839 1160 3908 potari
1188 3841 1310 3892 torrente
1327 3835 1414 3906 siros
1526 3865 1527 3902 p

284 3933 412 4002 Septuap.
436 3933 480 3985 abs
502 3931 660 4002 χειμάρρουν
684 3935 780 3991 coraci<
804 3928 908 3992 αὐτούς,
938 3927 1015 3997 Vaely.
1039 3931 1161 3982 torrente
1183 3927 1294 3997 potabis
1319 3941 1374 3986 con:
1398 3923 1430 3990 cf.

281 4039 310 4089 p.
329 4025 394 4084 173,
413 4023 544 4088 11;220‚
566 4023 598 4072 11
637 4019 670 4071 13
689 4015 815 4072 mundati
833 4017 861 4071 R
915 4017 1030 4071 tristitia
1049 4016 1242 4072 absorbeamur
1259 4015 1297 4070 Μ
1336 4015 1368 4070 14
1386 4012 1430 4066 ob-

284 4110 448 4176 sorbeamur,
466 4126 502 4162 ιη.
522 4112 541 4161 2
559 4107 751 4161 absorbeamur
769 4105 805 4159 Ρ1
851 4105 883 4159 15
903 4105 939 4175 qd
953 4105 981 4160 R
1022 4107 1058 4160 20
1077 4106 1197 4160 delectat
1214 4109 1246 4158 ut
1263 4121 1325 4160 mes
1341 4103 1430 4158 istud

283 4199 318 4252 aa
337 4199 443 4252 narona
461 4199 498 4252 or
515 4197 667 4251 uoluntatis
684 4199 713 4250 a
766 4181 898 4266 eoffl
918 4199 955 4260 <m
974 4211 1008 4248 m.
1031 4195 1132 4262 aar.)
1150 4193 1188 4248 1²1
1252 4193 1287 4248 sa
1306 4195 1387 4248 urtam
1407 4193 1430 4244 a

320 4287 534 4356 disputationem
553 4301 604 4340 om.
625 4284 662 4338 P¹
