3092 4959
232 381 295 445 124
584 379 612 433 S.
642 379 778 441 Aureli
805 379 1024 448 Augustini

229 593 299 638 mm
320 573 413 640 nobis
435 574 467 639 in
490 575 550 639 hac
571 593 605 638 re
630 574 759 658 dignius
787 573 941 638 imitanda
962 574 1165 657 praeberetur
1192 573 1379 640 auctoritas.

228 680 349 763 inspice
375 681 483 763 itaque
513 681 643 745 modum
672 680 882 762 epistularum
910 681 1155 763 apostolicarum
1183 681 1237 745 uel
1269 699 1377 746 eorum

230 789 336 865 etiam,
361 788 414 870 qui
442 788 498 852 illa
525 785 634 851 diuina
660 786 787 869 eloquia
813 791 1040 866 tractauerunt,
1066 791 1097 852 et
1124 807 1185 852 non
1214 790 1247 852 te
1269 789 1380 872 pigeat

229 896 282 960 uel
304 895 408 959 multa
431 893 608 976 quaerenda
630 912 815 976 proponere,
840 895 868 958 ei
891 894 994 959 multa
1021 899 1217 976 permouent‚
1243 893 1294 958 uel
1322 895 1379 959 ali-

230 1004 348 1084 quanto
377 1000 497 1065 diutius
526 1019 662 1082 uersare,
691 1000 776 1082 quod
805 1001 942 1083 quaeris,
970 1005 1016 1077 ut,
1046 1003 1200 1083 quantum
1227 1001 1295 1066 fieri
1322 1021 1379 1085 per
1408 1023 1421 1062 s

229 1107 321 1185 tales,
336 1108 446 1189 quales
466 1126 589 1184 sumus,
603 1110 720 1189 potest,
736 1126 796 1171 non
816 1111 976 1172 remaneat
996 1108 1202 1173 dubitationis
1220 1107 1378 1186 nubilum,

231 1213 315 1297 quod
339 1214 445 1278 obstet
467 1213 581 1278 lumini
604 1213 759 1278 ueritatis.

164 1327 206 1389 20
275 1319 347 1385 Scio
376 1320 457 1384 enim
487 1321 704 1385 extollentiam
734 1323 824 1384 tuam
857 1319 1054 1402 quorundam
1086 1319 1208 1404 perpeti
1240 1321 1379 1386 obstina-

230 1427 372 1492 tissimas
392 1427 669 1506 contradictiones,
685 1427 740 1509 qui
758 1431 925 1510 propterea
942 1431 1057 1511 putant
1074 1428 1129 1493 uel
1147 1428 1250 1510 putari
1264 1428 1379 1494 uolunt

231 1533 442 1598 Christianam
476 1533 650 1598 doctrinam
682 1533 816 1598 utilitati
849 1553 910 1598 non
943 1535 1111 1599 conuenire
1143 1534 1188 1599 rei
1219 1535 1378 1619 publicae,
1396 1559 1424 1599 ιο

230 1639 305 1723 quia
322 1640 435 1704 nolunt
454 1642 536 1703 stare
556 1640 804 1721 rempublicam
822 1639 972 1705 firmitate
990 1641 1147 1706 uirtutum
1167 1640 1222 1705 sed
1241 1640 1379 1723 impuni-

228 1749 296 1812 tate
331 1747 494 1811 uitiorum.
532 1766 594 1811 nou
630 1749 738 1811 autem
775 1747 860 1811 sicut
895 1749 963 1832 regi
1000 1747 1119 1812 homini
1155 1747 1208 1812 uel
1246 1747 1379 1814 cuilibet

230 1853 365 1938 principi
392 1853 534 1918 ciuitatis
561 1853 607 1917 ita
638 1853 734 1918 otiam
763 1853 832 1931 deo,
856 1854 1009 1937 quioquid
1036 1873 1054 1918 a
1081 1854 1193 1919 multis
1217 1859 1377 1938 peccatur,

229 1959 370 2024 inultum
388 1962 446 2025 est.
465 1959 680 2025 misericordia
697 1979 773 2024 nero
793 1960 862 2025 eius
881 1963 913 2025 et
932 1963 1033 2045 gratia
1051 1961 1231 2044 praedicata
1244 1961 1378 2026 homini-

229 2066 290 2131 bus
312 2085 370 2149 per
389 2066 551 2132 hominem
571 2066 733 2131 Christum
756 2066 918 2149 impertita
940 2071 1048 2132 autem
1071 2087 1127 2150 por
1150 2067 1244 2132 deum
1263 2067 1377 2150 deique
1395 2089 1423 2132 rs

229 2171 330 2236 lilium
354 2173 488 2237 eundem
515 2173 622 2256 ipsum
645 2172 808 2238 Christum
836 2193 896 2238 uon
926 2174 1044 2240 deserit
1072 2193 1136 2252 eos2
1161 2175 1215 2256 qui
1244 2193 1280 2240 er
1307 2176 1376 2241 eius

269 2416 282 2468 l
300 2414 555 2485 dignius-modum
570 2415 619 2483 oa,
634 2415 753 2470 alienam
765 2417 872 2470 erae.C
924 2415 1021 2487 dignus
1032 2417 1061 2471 D
1077 2417 1176 2488 dignis,
1190 2435 1224 2472 m.
1236 2421 1256 2471 2
1270 2417 1379 2487 dignius

233 2503 274 2558 W
342 2505 488 2574 praebetur
505 2504 535 2558 D
589 2505 1091 2574 tinspice(iceearccrr.m.2)1'
1160 2507 1254 2575 itaquo
1272 2508 1304 2560 ia
1321 2523 1378 2560 raa.

230 2610 265 2647 m.
286 2596 305 2646 2
322 2593 361 2646 W
376 2593 416 2646 ita
434 2594 495 2661 (om.
515 2593 578 2662 que)
597 2595 623 2646 Δ
696 2593 873 2662 epistularum
894 2595 1115 2666 apostolieamm]
1136 2595 1337 2665 epistolicarum
1351 2595 1379 2648 A

231 2683 248 2736 3
266 2681 316 2735 illa
333 2698 385 2736 om.
405 2681 466 2735 TP¹
483 2682 512 2736 in
531 2682 578 2736 illa
597 2683 635 2748 (in
655 2682 719 2751 dol.)
733 2683 771 2736 M
823 2683 996 2748 diuinarum,
1015 2701 1049 2738 m.
1069 2689 1084 2738 1
1101 2701 1123 2740 a.
1142 2701 1170 2738 a.
1185 2689 1251 2753 post
1270 2684 1380 2752 eloquis

232 2771 298 2825 add.
316 2770 354 2824 M
459 2774 487 2824 te
505 2771 619 2841 pigeant
636 2772 667 2825 D
689 2772 786 2842 pigeat
802 2775 831 2826 te
850 2773 877 2825 B
900 2773 959 2827 edd.
1050 2771 1244 2842 dquaerendo
1267 2772 1338 2826 WH
1351 2791 1380 2826 m

269 2859 364 2929 multa]
383 2860 469 2913 multa
487 2867 515 2912 te
533 2859 594 2914 edd.
680 2865 843 2930 promouent
866 2861 903 2915 W
918 2863 1103 2932 permonerint
1120 2861 1153 2914 K
1231 2859 1379 2931 aliquando

235 2947 305 3001 WH
322 2952 366 3016 (m.
388 2952 406 3002 3
424 2949 575 3018 aliquanto)
590 2948 681 3002 MAP
696 2949 743 3020 (m.
760 2952 780 3002 2
799 2951 950 3019 aliquanto)
971 2951 1031 3004 edd.
1068 2951 1084 3004 5
1104 2955 1207 3021 quanto
1224 2951 1281 3004 ΔΡ
1299 2953 1343 3017 (m.
1359 2953 1380 3002 2

229 3052 318 3105 supra
335 3037 348 3090 l
366 3039 422 3103 um)
441 3035 549 3106 quaudo
568 3037 605 3091 M
691 3037 708 3090 6
728 3037 833 3106 quales,
851 3053 885 3091 m.
907 3043 925 3092 3
943 3039 1037 3107 quales
1056 3056 1106 3092 nos
1124 3039 1158 3092 H
1238 3043 1380 3092 remaneat

231 3124 356 3179 dubiturn
374 3125 587 3179 indubitationir
605 3125 741 3190 (dubitum
760 3129 790 3181 in
808 3130 876 3180 m.2
894 3130 966 3195 emp.)
987 3128 1025 3182 W
1039 3131 1179 3181 remaneat
1197 3127 1334 3181 dubitatio
1348 3127 1382 3180 K

265 3214 400 3269 nubilium
425 3215 496 3282 (fuit
517 3215 539 3281 i)
564 3215 590 3269 Τ
616 3215 760 3283 nobilium,
781 3232 816 3269 m.
840 3218 861 3270 2
881 3216 1005 3270 nubilum
1030 3215 1054 3270 C
1142 3217 1157 3270 7
1187 3217 1302 3270 obsistat
1327 3216 1379 3271 CR

265 3303 366 3367 lumen,
384 3321 419 3358 m.
439 3305 574 3357 alumini
596 3304 635 3358 W
652 3305 762 3372 lumine,
782 3323 817 3361 m.
837 3309 855 3359 3
873 3305 971 3358 lumini
989 3305 1024 3358 H
1101 3306 1117 3359 8
1137 3305 1377 3372 obstinatissimus,

229 3410 264 3448 m.
284 3397 304 3447 2
322 3393 552 3447 obstinatissimas
567 3393 601 3447 H
616 3394 865 3449 abstinentissimas
880 3394 970 3449 MAP
988 3401 1071 3464 (poet.
1085 3414 1103 3449 n
1118 3395 1201 3466 eros.)
1238 3397 1254 3449 9
1269 3395 1332 3464 quia
1345 3394 1380 3448 H

266 3485 372 3551 putent,
391 3499 425 3535 m.
445 3482 626 3551 opstante
700 3486 798 3554 putare
817 3483 851 3537 H
923 3485 1192 3546 inutilitatem.
1212 3483 1380 3538 utilitatiH

229 3570 398 3624 utilitatibus
416 3572 443 3624 B
524 3573 563 3625 rei
582 3588 643 3642 ona,
661 3590 696 3626 m.
716 3576 737 3627 2
755 3573 821 3627 add.
845 3574 884 3628 W
971 3576 1001 3627 11
1023 3575 1151 3629 istareC
1220 3574 1375 3628 firmitatem

229 3662 329 3729 (poetr.
349 3661 366 3714 l.
386 3659 449 3727 del.)
467 3659 501 3714 Κ
589 3663 622 3715 13
642 3661 702 3730 deo,
720 3662 770 3717 aad
788 3679 802 3716 e
822 3678 890 3716 corr.
909 3663 1016 3730 (fulbia
1035 3663 1085 3718 dno
1106 3662 1131 3731 ?)
1149 3663 1180 3718 D
1198 3663 1286 3731 deum,
1303 3679 1338 3716 m.
1358 3667 1376 3715 3

229 3749 302 3818 apud
320 3748 399 3802 deum
419 3749 452 3803 H
536 3766 631 3817 aem,
648 3767 684 3807 m.
703 3754 724 3805 2
742 3751 809 3805 add.
832 3751 931 3806 WMP
948 3769 964 3806 a
982 3769 1033 3807 om.
1055 3751 1202 3807 ΤΒΒΑΡι
1273 3750 1376 3817 multis,

228 3853 264 3893 m.
283 3840 304 3892 2
321 3837 415 3892 inultis
438 3838 463 3891 Τ
478 3838 573 3892 inultis
592 3839 626 3892 M
644 3841 689 3907 (m.
709 3843 729 3892 2
746 3841 851 3907 multis)
865 3839 903 3893 Ρ1
957 3843 1082 3911 peccator
1096 3841 1129 3894 Η
1145 3843 1189 3910 (m.
1205 3844 1375 3911 2peecutur)

229 3926 267 3980 M
281 3929 326 3995 (m.
346 3931 361 3980 1
379 3943 449 3982 corr.
468 3931 606 3996 peccatur)
626 3929 757 3998 peccatis,
775 3947 809 3982 m.
830 3933 849 3982 2
867 3935 995 3999 peccatur
1008 3931 1035 3986 R
1140 3931 1173 3983 14
1192 3930 1376 3984 misericordia

230 4032 294 4070 uero
314 4017 373 4070 eius
393 4022 420 4070 et
439 4032 491 4070 our.
515 4015 554 4070 W
653 4017 743 4087 gratm
762 4035 813 4071 om.
833 4019 867 4072 H
965 4019 1106 4089 praedicta
1124 4019 1192 4072 HM
1208 4019 1254 4088 (m.
1273 4024 1288 4073 1
1306 4035 1373 4074 corr.

229 4104 394 4173 praedicata)
487 4107 520 4160 15
543 4106 680 4176 imperita,
701 4124 736 4160 m.
762 4111 782 4161 2
805 4109 946 4178 impertita
971 4109 1024 4163 ΤΒ
1047 4109 1187 4178 impartita
1204 4107 1238 4161 Κ
1257 4109 1317 4166 cdd.
1335 4109 1375 4163 in-

229 4193 340 4263 per-ria,
358 4211 393 4250 m.
412 4199 427 4247 1
446 4211 515 4248 corr.
540 4196 684 4266 inpar-tite
701 4197 739 4250 M
828 4198 860 4251 16
884 4196 1052 4268 eundemque
1076 4197 1167 4251 ΤΚΡι
1275 4198 1373 4268 ipsum]

231 4282 316 4336 fllium
335 4281 368 4334 K
437 4283 495 4336 eius
516 4283 574 4337 ,Τ
