3092 4959
284 356 349 420 266
643 356 669 409 S.
694 355 835 410 Aureli
863 356 1083 425 Augustini

285 547 534 632 complexionem
558 549 646 613 dictu
670 549 905 624 merissimam,
929 548 1095 613 intellectu
1119 548 1306 614 facillimam
1332 550 1422 614 adten-

285 656 350 720 dite
388 656 558 741 diligenter
595 676 650 740 pro
687 659 795 722 uestra
832 657 1002 740 prudentia
1041 676 1135 738 quarn
1176 655 1257 720 nihil
1298 657 1423 722 sobrium

284 763 467 845 responderi
494 763 615 845 possit;
644 766 677 826 et
703 767 810 827 tamen
838 763 941 827 malus
971 762 1122 827 Polemon
1152 763 1255 846 magis
1289 763 1424 828 ebrietate

286 918 616 935 ..............
639 869 809 933 inueterati
834 869 949 934 erroris
975 870 1137 934 euertit-ur.

329 977 412 1041 Date
436 977 562 1041 ueniam
585 977 748 1059 prolixiori
777 977 922 1041 fortassis
952 976 1110 1058 epistulae
1139 995 1232 1058 quam
1260 975 1458 1041 iucundioris

285 1103 398 1147 uerum
431 1087 548 1161 tamen,
581 1087 619 1147 ut
651 1083 794 1160 arbitror,
832 1083 954 1148 utiliori
988 1102 1083 1174 qnam
1117 1082 1284 1160 blandiori,
1322 1081 1426 1148 domini

286 1190 487 1256 honorabiles
508 1194 540 1255 et
559 1191 670 1255 merito
695 1190 901 1273 suscipiendi,
922 1189 1078 1254 carissimi
1102 1209 1138 1254 ac
1157 1185 1427 1253 desiderantissimi

286 1299 410 1361 fraires.
427 1297 464 1360 de
484 1296 624 1362 aduentu
644 1301 750 1360 autem
765 1297 805 1361 ad
820 1316 878 1360 uos
893 1299 1001 1362 nostro
1021 1302 1229 1378 utrorumque
1249 1294 1426 1360 desiderium

288 1402 365 1467 deus
398 1403 540 1486 impleat.
575 1406 692 1485 quanto
726 1403 810 1468 euim
844 1402 986 1468 caritatis
1021 1403 1129 1468 ardore
1163 1402 1370 1467 accendamur
1396 1399 1426 1462 ad

287 1509 437 1574 uisendos
460 1530 531 1586 nos,
550 1510 658 1574 uerbis
682 1510 837 1592 explicare
860 1529 922 1576 non
947 1529 1129 1593 possumus,
1150 1510 1205 1574 sed
1229 1527 1289 1574 uos
1307 1507 1425 1590 benigne
1440 1521 1458 1562 ι·

288 1616 413 1681 credere
436 1617 567 1681 minime
592 1603 787 1682 dubitamus

803 1809 924 1875 CXLV.

350 1947 497 2003 DOMINO
517 1949 651 2004 FRATRI
670 1948 812 2005 SANCTO
833 1949 877 2003 ET
897 1947 1159 2004 DESIDERABILI
1176 1946 1376 2004 ANASTASIO

538 2038 770 2093 AUGUSTINUS
791 2037 831 2092 IN
850 2037 995 2093 DOMINO
1018 2037 1191 2094 SALUTEM.

245 2149 261 2209 l
334 2163 499 2229 Salutandi
545 2165 758 2229 sinceritatem
806 2168 895 2229 tuam
941 2165 1098 2229 fidissima
1139 2163 1278 2229 occurrit
1317 2159 1459 2227 occasion

288 2273 521 2337 honorabilium
555 2291 719 2337 aemorum
757 2272 818 2345 dei,
851 2272 985 2336 fratrum
1019 2274 1199 2336 nostrorum
1233 2268 1373 2353 Lupicini
1401 2269 1424 2328 el

290 2379 518 2457 Concordialis‚
542 2399 598 2462 per
620 2397 710 2461 quos,
730 2379 825 2443 etiam
852 2378 880 2443 si
905 2398 965 2442 non
990 2378 1171 2455 scriberem,
1195 2381 1306 2459 posset
1327 2374 1423 2440 caritas

290 2491 345 2549 tua
377 2487 491 2554 omnia.
525 2506 605 2570 quae
639 2486 723 2568 apud
755 2504 813 2550 nos
851 2487 999 2569 aguntur,
1033 2484 1206 2549 addiscere.
1245 2483 1310 2548 scio
1346 2480 1424 2546 enin.

291 2596 443 2674 quantum
468 2612 525 2657 nos
549 2594 580 2655 in
605 2592 732 2657 Christo
764 2591 891 2676 diligas,
916 2592 990 2674 quia
1007 2596 1045 2656 et
1068 2595 1103 2655 tu
1134 2591 1208 2666 sois,
1233 2585 1423 2673 quantumin

289 2699 346 2764 illo
375 2699 519 2763 uicissim
547 2699 689 2783 diligaris
719 2698 863 2776 anobis,
888 2701 920 2762 et
945 2698 1018 2762 ideo
1047 2717 1108 2762 non
1138 2697 1283 2762 dubitaui
1310 2699 1340 2760 ie
1366 2712 1458 2758 con-n

291 2807 410 2870 tristari
430 2806 585 2887 potuisse,
607 2806 634 2869 si
655 2825 709 2870 eos
728 2805 866 2869 uidisses
887 2805 955 2868 sino
970 2805 1087 2870 litteris
1105 2805 1197 2881 meis,
1218 2823 1298 2886 quos
1316 2822 1334 2866 a
1349 2799 1424 2865 nobis

329 3032 341 3084 1
363 3031 549 3086 breuissimam
570 3034 598 3084 et
616 3031 759 3085 intellectu
774 3031 811 3084 P¹
849 3032 863 3084 i
879 3049 927 3102 pro
947 3034 1039 3086 uestra
1058 3031 1204 3102 prudentia
1221 3030 1364 3100 diligenter
1375 3022 1422 3079 cdd·

292 3122 421 3190 3posset
439 3120 476 3173 P¹
535 3120 621 3174 malos
640 3121 678 3172 M
693 3126 738 3190 (m.
758 3125 778 3173 2
796 3121 894 3184 malus)
914 3121 970 3174 Fa
1028 3121 1136 3191 polemo
1156 3116 1333 3174 PMFAGP¹
1348 3115 1422 3184 firm

291 3208 438 3262 Palaemon
459 3225 490 3274 a,·
509 3207 545 3275 cf.
560 3224 590 3277 p.
612 3210 681 3268 264,
701 3212 730 3260 11
812 3209 829 3261 4
848 3209 1000 3262 inueterata
1019 3211 1099 3276 (corr.
1118 3207 1276 3274 inueteraii)
1295 3204 1381 3261 erroris
1397 3197 1425 3251 ld

291 3297 445 3350 inueterate
465 3313 576 3364 errores,
594 3313 628 3350 m.
649 3299 664 3349 1
683 3295 719 3367 (?)
738 3312 808 3350 corr.
829 3297 976 3350 inueterati
996 3297 1093 3350 erroris
1111 3295 1142 3348 F
1156 3295 1309 3350 inueterata
1325 3297 1423 3347 terrores

292 3387 318 3438 A
324 3405 334 3451 ;
353 3386 485 3439 lamnam
498 3384 661 3454 aipnificaua'
674 3401 708 3438 ex
720 3385 922 3438 Moesiacorum
937 3385 1096 3439 coniectura
1151 3385 1268 3438 uertitur
1281 3381 1363 3437 MFA
1375 3373 1423 3432 cdd

287 3480 402 3543 praeter
420 3491 446 3526 m
500 3475 662 3544 {aepistola
681 3492 716 3528 m.
737 3477 755 3527 3
773 3473 906 3544 epistolae
926 3473 956 3527 F
1008 3473 1215 3528 ibonorabiles
1234 3473 1265 3526 F
1279 3476 1305 3540 (e
1322 3487 1353 3524 ec
1367 3480 1423 3521 corr·

292 3581 326 3617 m.
349 3564 378 3633 3)
399 3563 479 3632 O(ea
498 3579 568 3617 corr.
587 3565 758 3632 corruptum)
858 3563 1023 3633 suspiciendi
1044 3561 1136 3617 PP²R
1236 3579 1260 3624 a,
1279 3551 1425 3614 mcccc

293 3656 423 3707 Snostro
442 3653 476 3706 ad
495 3669 544 3706 uoa
563 3651 624 3706 edd.
696 3657 843 3722 utrumque
861 3652 893 3705 F
938 3653 1063 3706 damore
1083 3651 1255 3706 accendimur
1272 3650 1300 3704 R
1347 3643 1423 3699 loui-

294 3742 396 3796 dcudoa
414 3742 442 3794 P
458 3741 611 3795 uisitandoa
629 3739 668 3794 P¹
739 3741 786 3794 aed
808 3745 835 3794 et
853 3757 902 3795 uos
922 3740 949 3794 R
1019 3742 1049 3794 ll
1072 3740 1247 3795 crederemini
1265 3755 1308 3792 me
1324 3731 1424 3804 circulis

294 3847 362 3886 corr.
381 3831 419 3884 M

384 4007 462 4060 Idem
483 4007 596 4070 codices,
615 4007 663 4076 qui
680 4008 713 4059 in
732 4023 771 4074 ep.
794 4005 921 4059 CXLIV
934 4011 1047 4074 practer
1067 4004 1091 4057 0

333 4182 366 4235 15
385 4179 544 4235 fidelissima
561 4181 589 4234 P
697 4182 729 4234 17
750 4179 949 4235 concordabilis
968 4181 994 4233 A
1103 4179 1199 4248 possit,
1218 4195 1253 4230 m.
1272 4180 1292 4231 2
1309 4165 1426 4247 posset?

298 4271 330 4324 19
350 4269 449 4338 diligas
468 4271 499 4323 in
512 4270 572 4338 fine
590 4287 618 4323 u.
638 4287 688 4324 om.
708 4271 736 4323 A
