3092 4959
522 405 787 475 epistularum
814 405 932 462 CXLIX
1236 413 1303 477 363

148 595 253 684 εὐχήν.
287 604 448 665 uouentur
480 603 588 665 autam
618 602 733 677 omnia,
760 621 842 684 quae
875 604 1050 668 offeruntur
1073 603 1142 679 deo,
1166 604 1302 671 maxime

147 708 252 771 sancti
285 707 395 772 altaris
433 708 563 785 oblatio,
597 728 659 791 quo
694 713 891 773 sacramento
923 710 1126 793 praedicatur
1156 716 1302 777 nostrum

145 813 229 878 -illud
263 812 437 879 maximum
476 818 601 891 uotum,
636 835 698 899 quo
732 835 790 880 nos
823 817 976 880 nouimus
1008 817 1041 880 in
1070 817 1198 883 Christo
1233 838 1304 884 esse

148 938 329 999 mansuros,
349 922 460 1002 utique
481 921 516 985 in
537 940 690 1005 compage
711 923 852 1005 corporis
869 921 998 988 Christi.
1025 924 1117 990 ouius
1136 926 1182 989 rei
1202 945 1305 990 sacre·

115 1030 294 1093 amentum
319 1030 379 1103 est,
414 1028 519 1111 quod
552 1048 655 1093 unus
690 1032 817 1111 panis,
851 1049 970 1094 unum
1004 1049 1151 1113 corpus
1181 1034 1303 1099 multi

150 1153 299 1199 sumus.
342 1133 414 1200 ideo
444 1136 474 1199 in
501 1136 598 1201 huius
623 1136 874 1201 sanctificatione
899 1143 931 1203 et
954 1138 1191 1204 distributionis
1215 1160 1305 1222 prae-

149 1240 313 1323 paratione
338 1242 485 1307 existimo
510 1243 693 1325 apostolum
716 1244 853 1309 iussisse
876 1243 1002 1328 proprie
1026 1246 1094 1310 fieri
1117 1250 1303 1331 προσευχάς.

149 1346 184 1411 id
214 1350 264 1413 est
296 1349 454 1413 orationes
486 1349 551 1427 uel,
585 1354 622 1414 ut
654 1351 797 1415 nonnulli
831 1352 937 1416 minus
970 1353 1072 1435 perite
1104 1352 1307 1435 interpretati

150 1458 237 1529 sunt,
262 1454 474 1534 adorationes,
499 1458 557 1521 hoc
583 1464 633 1522 est
657 1458 741 1521 enim
766 1458 807 1522 ad
830 1463 955 1537 notum,
981 1460 1066 1542 quod
1093 1461 1249 1524 usitatius
1272 1459 1304 1523 in

98 1586 129 1624 no
149 1561 319 1643 scripturis
353 1568 555 1646 nuncupatur
579 1559 665 1649 εὐχή.
702 1566 976 1647 interpellationes
1010 1569 1118 1631 autem
1153 1566 1234 1647 siue,
1267 1571 1305 1630 nt

149 1669 253 1732 nestri
278 1669 403 1734 codices
428 1670 556 1752 hahent,
581 1672 815 1753 postulationes
840 1673 930 1751 finnt,
956 1693 1028 1738 curn
1048 1674 1188 1757 populus
1212 1674 1305 1738 hene-

151 1776 284 1855 dicitur3
326 1780 402 1841 tunc
436 1779 518 1841 eninr
549 1780 711 1844 antistites
741 1781 834 1844 uelut
858 1781 1007 1845 aduocati
1031 1786 1201 1864 susceptos
1226 1799 1304 1845 suos

151 1901 209 1963 per
232 1902 343 1946 manus
368 1882 594 1963 inpositionem
619 1883 939 1949 misericordissimae
973 1886 1109 1950 offerunt
1140 1884 1305 1969 potestati.

152 1989 269 2070 quihus
285 1993 392 2071 partae
394 1990 421 2053 is
442 1993 474 2054 et
491 1991 682 2073 participato
666 1994 793 2056 irritant
776 1997 991 2057 osacrament
993 2013 1010 2057 o
1027 1993 1201 2076 gratiarum
1221 1992 1305 2057 actio

104 2124 129 2161 rs
152 2098 269 2159 cuncta
293 2096 464 2173 concludit
443 2102 586 2179 tquam
619 2097 651 2161 iu
685 2098 802 2162 hist
769 2099 867 2163 etiam
901 2100 1010 2163 uerbis
1043 2099 1191 2163 ultimam
1221 2118 1306 2163 com·

152 2202 319 2267 mandauit
305 2205 518 2286 ttaposolus.

63 2306 102 2371 17
198 2310 287 2375 Haec
325 2316 431 2375 autem
470 2330 564 2376 causa
603 2313 776 2395 praecipua
812 2313 874 2379 luit
909 2314 973 2377 ista
1006 2312 1143 2389 dicendi,
1180 2317 1218 2378 ut
1204 2313 1305 2378 this

152 2417 297 2482 breuiter
318 2419 496 2501 perstrictis
522 2423 617 2503 atque
647 2420 836 2504 significatis
860 2440 921 2484 non
945 2423 1114 2503 putaretur
1137 2421 1305 2503 neglcgen-

152 2525 334 2604 dumosae,
360 2526 721 2610 quodnequitur:Pro
747 2528 1303 2608 omnibushominihus,pro

101 2656 132 2697 so
150 2632 323 2715 regibus
343 2636 382 2697 et
401 2634 476 2711 his,
493 2634 563 2717 qui
586 2634 625 2698 in
647 2634 911 2699 sublimitate
932 2638 1035 2711 erint,
1056 2637 1100 2698 ut
1120 2634 1300 2717 quietam

151 2742 192 2805 et
216 2740 487 2821 tranquillam
513 2739 641 2831 uitam
666 2758 834 2823 agamus
863 2740 902 2804 in
938 2740 1042 2803 omni
1075 2739 1234 2823 pietate
1269 2742 1307 2802 st

151 2846 343 2924 caritate,
366 2865 405 2910 ne
430 2848 611 2929 quisquam,
637 2847 722 2911 sicut
745 2866 780 2911 se
804 2847 901 2910 habet
924 2847 1080 2910 humanae
1100 2846 1306 2930 cogitationis

150 2952 333 3029 infirmitas,
358 2954 553 3018 existimaret
572 2974 634 3017 non
654 2972 724 3017 esse
748 2954 812 3018 ista
831 2952 974 3018 iacienda
993 2973 1050 3034 pro
1070 2952 1131 3025 nis,
1152 2972 1170 3015 a
1189 2952 1306 3034 quibus

149 3060 407 3143 persecutionem
443 3060 626 3143 patiebatur
658 3060 803 3126 ecclesia.
838 3079 912 3124 cunr
945 3060 1088 3124 membra
1118 3058 1237 3123 Christi
1271 3078 1307 3122 ex

104 3190 132 3230 aa
153 3167 242 3230 omni
271 3172 378 3231 essent
405 3166 569 3231 hominurn
605 3186 720 3251 genere
754 3166 941 3250 colligenda.
979 3166 1062 3230 unde
1096 3165 1243 3249 adiungit
1276 3168 1309 3228 et

243 3356 373 3413 51001.
395 3359 438 3426 10,
459 3360 490 3412 17
548 3360 582 3413 19
600 3358 615 3412 Ι
633 3358 701 3412 Tim.
722 3361 748 3417 2.
770 3359 839 3411 1-2

187 3464 299 3519 3aliud
319 3464 413 3519 ΗΜΛ
432 3465 492 3519 edd.
507 3472 622 3534 praeter
639 3482 665 3519 m
755 3470 850 3519 uotum
869 3465 1014 3517 maximum
1034 3462 1095 3517 edd.
1182 3462 1308 3515 nouimus

150 3554 236 3609 AGV
257 3558 300 3623 (m.
321 3559 339 3608 1
356 3570 425 3608 corr.
445 3556 581 3621 uouirnus)
602 3572 733 3608 uouemus
752 3554 781 3607 P
849 3554 868 3606 4
887 3553 929 3607 cui
949 3552 981 3607 K
1051 3553 1068 3605 6
1087 3552 1305 3605 sanctificatione

98 3672 101 3677 ·
146 3644 337 3697 *samonis
350 3645 557 3714 praeparatione
571 3645 612 3711 (in
625 3660 681 3698 ras.
691 3644 783 3712 sotsac
796 3643 855 3698 uid.
870 3641 1023 3709 distributi)
1041 3640 1068 3692 V
1079 3641 1305 3694 sanctificationis

148 3734 404 3805 praeparationem
482 3732 702 3803 lapostolorurn
722 3734 748 3786 A
840 3731 1072 3789 ΡΡωΕΗνΚΑΕ
1091 3730 1125 3783 K
1140 3730 1306 3799 proseuchas

149 3829 211 3879 cett.
231 3822 310 3877 codd.
365 3823 479 3877 Suelut
497 3822 688 3889 Hamae
669 3823 750 3876 2usl
771 3825 813 3890 ut)
831 3822 909 3875 uelut
927 3823 958 3872 ut
977 3822 1032 3889 (pr.
1052 3824 1084 3873 ut
1101 3835 1136 3875 m
1156 3817 1306 3883 assith

152 3950 186 4004 10
210 3952 392 4017 nuncupatus,
415 3966 449 4001 m.
475 3950 689 4017 2nuncnpatur
711 3948 749 4000 M
856 3944 960 4002 HVKH
984 3944 1017 3997 K
1038 3946 1124 3997 suche
1147 3948 1208 3996 cett.
1227 3942 1306 3995 codd

151 4040 182 4093 ll
204 4038 293 4091 nostri
314 4036 372 4091 GV
443 4039 475 4091 13
495 4038 662 4108 inpositione
681 4037 715 4090 H
788 4038 818 4091 17
839 4037 908 4104 ιι1]“
900 4052 929 4088 ιιι
948 4037 975 4087 Α
1053 4034 1086 4088 18
1106 4032 1261 4086 constrictis
1280 4032 1308 4085 A

148 4128 309 4199 perscrihtis
327 4126 454 4196 Eapippi
471 4128 530 4181 cod.
554 4126 626 4191 Vct,
646 4126 822 4195 praescriptis
841 4130 901 4179 cett,
920 4122 1047 4192 Eupippi
1064 4120 1142 4176 codd.
1196 4122 1229 4175 19
1248 4136 1307 4173 esse

147 4236 202 4273 om.
221 4218 349 4287 antppi
366 4218 425 4273 cod.
450 4216 512 4270 Vct.
586 4217 621 4270 20
641 4217 686 4285 qui
707 4220 795 4269 etnam
815 4215 883 4282 (fuit
901 4214 922 4278 i)
941 4213 976 4266 H
1035 4212 1071 4266 23
1091 4219 1123 4264 r're
1142 4212 1168 4279 (e
1188 4213 1259 4278 cap.)
1284 4208 1310 4262 V

183 4309 240 4361 ista
260 4323 319 4361 esse
338 4304 462 4375 Ercpippi
481 4305 541 4360 cod.
565 4304 627 4359 Vct.
684 4306 718 4358 25
738 4304 821 4373 unde]
844 4303 914 4356 unde
927 4303 931 4374 l
944 4306 973 4355 et
989 4302 1026 4355 Μ
