3092 4959
294 409 359 473 476
653 408 680 461 S.
708 405 846 460 Aureli
874 405 1093 475 Augustini

295 603 459 666 foramen
489 618 578 665 acus
608 619 715 682 quam
749 600 857 665 diues
886 600 922 663 in
951 618 1105 683 regnum
1140 600 1341 675 caelorum,
1373 597 1436 661 ideo

295 711 411 789 putant
435 708 492 772 isti
520 707 663 787 diuitem,
691 707 817 771 etiamsi
844 706 941 769 faeiat
968 707 1040 783 ista,
1069 724 1150 788 quae
1177 704 1335 769 diuitibus
1361 723 1438 787 prae·

296 813 441 896 cipienda
468 813 599 897 scripsit
625 813 802 896 apostolus,
834 814 866 877 in
893 831 1026 897 regnum
1055 812 1213 876 caelorum
1241 812 1360 876 intrare
1386 830 1438 874 nun

296 925 414 1003 posse?
452 919 528 1001 quid
566 940 640 1004 ergo
680 923 750 984 est?
788 922 894 983 utrurn
934 920 1099 1001 apostolus
1139 924 1247 983 contra
1285 917 1438 983 domiuum

296 1028 448 1108 loquitur,
473 1045 511 1089 an
535 1027 591 1090 isti
613 1028 770 1101 nesciunt,
796 1026 872 1109 quid
895 1026 1059 1107 loquitur?
1089 1024 1165 1108 quid
1193 1024 1308 1089 horum
1332 1024 1440 1091 credet.
1464 1048 1472 1075 ι

297 1133 396 1216 eligat
420 1132 631 1199 Christianus.
656 1136 732 1217 putu
757 1133 874 1197 melius
893 1152 950 1198 nos
971 1133 1097 1197 credere
1116 1133 1196 1197 istos
1215 1133 1348 1208 nescire,
1373 1130 1441 1213 quid

297 1239 396 1322 loqui,
426 1258 520 1321 quarn
549 1240 686 1303 Paulum
715 1243 825 1304 contra
853 1239 1014 1303 dominum
1043 1239 1139 1321 loqui.
1168 1238 1282 1303 deinde
1311 1257 1367 1303 cur
1387 1258 1439 1301 nun

297 1346 329 1410 in
362 1348 628 1427 consequentibus
662 1348 757 1410 etiam
790 1348 895 1429 ipsum
929 1346 1094 1410 dominum
1127 1345 1262 1409 audiunt
1294 1344 1439 1409 dicentem

298 1453 466 1535 discipulis
485 1472 541 1535 pro
561 1454 689 1517 miseria
709 1452 846 1517 diuitum
867 1452 1078 1517 contristatis:
1105 1449 1208 1529 Quod
1232 1452 1439 1515 hominibus

298 1560 528 1642 inpossibile
553 1564 621 1637 est,
646 1559 713 1624 dec
737 1559 851 1623 facile
876 1562 957 1623 est?
1455 1578 1475 1615 u

231 1665 274 1727 28
344 1665 405 1729 Sed
429 1666 511 1741 ideo,
540 1666 700 1747 inquiunt,
729 1667 791 1730 hcc
815 1665 937 1729 dictum
962 1668 1019 1743 est,
1051 1665 1124 1746 quia
1147 1665 1292 1729 futurum
1317 1668 1388 1741 erut,
1409 1666 1439 1725 nt

299 1772 408 1837 audite
438 1772 603 1854 euangelio
633 1771 750 1835 diuites
780 1770 911 1835 uendite
941 1772 1129 1854 patrimonio
1159 1777 1351 1855 erogatoque
1372 1788 1437 1852 pru·

298 1879 427 1961 peribus
452 1878 615 1943 dominum
635 1881 843 1959 sequerentur
863 1882 894 1942 et
911 1879 1065 1942 intrarent
1082 1878 1114 1941 in
1133 1897 1266 1961 regnum
1292 1878 1437 1942 caelorum

300 1990 395 2068 atque
418 1985 464 2050 ita
488 1985 586 2061 fieret,
617 1985 701 2067 quud
726 1984 855 2049 difficile
877 1984 1057 2063 uidebatur,
1085 2003 1145 2050 non
1170 1988 1207 2048 ut
1230 1988 1390 2049 manentes
1412 1986 1436 2045 iu

301 2092 423 2156 diuitiis
443 2094 511 2157 suis
530 2096 699 2174 praecepta
719 2091 856 2173 apostoli
876 2091 1094 2168 custodiendo,
1114 2090 1146 2154 id
1167 2095 1296 2155 estnon
1317 2091 1436 2173 superbe
1452 2108 1473 2145 e

301 2198 450 2280 sapiendo
484 2219 586 2281 neque
619 2198 772 2281 sperando
804 2200 835 2261 in
864 2198 984 2263 incerto
1019 2197 1204 2261 diuitiarum
1237 2198 1294 2261 sed
1326 2199 1356 2261 iu
1387 2197 1435 2259 deu

301 2308 377 2371 uiuo
405 2308 485 2371 bene
512 2306 667 2381 faciendo,
701 2305 793 2369 facile
822 2304 989 2369 tribuendo
1019 2308 1051 2369 et
1078 2290 1339 2369 communicando
1368 2302 1437 2367 indi-

302 2412 450 2495 gentibus
470 2430 578 2476 ueram
597 2410 867 2493 adprehenderent
882 2412 993 2488 uitam,
1013 2412 1183 2476 sedetiam
1203 2410 1265 2475 ista
1285 2421 1438 2495 praecepta

302 2519 477 2602 apostolica
499 2519 639 2583 uenditis
664 2519 812 2583 omnibus
837 2520 904 2585 suis
928 2521 1022 2583 rebus
1046 2518 1223 2601 implerent.

232 2624 275 2687 29
345 2626 432 2690 Haec
466 2626 493 2689 si
525 2625 636 2690 dicunt
667 2662 708 2673 -
744 2626 810 2689 scic
844 2627 959 2708 quippe
990 2626 1065 2689 illos
1098 2644 1134 2689 ea
1166 2624 1270 2689 dicere
1302 2661 1355 2703 -‚
1384 2640 1475 2687 nent·

301 2731 477 2796 adtendunt
503 2733 664 2815 primitus,
694 2732 1004 2815 quemadmodum
1035 2732 1181 2798 dominus
1210 2739 1320 2797 contra
1342 2750 1436 2795 eorum

302 2840 418 2922 dogma
441 2858 531 2903 suam
556 2840 688 2923 gratiam
709 2840 949 2922 praedicanerit.
972 2858 1032 2904 non
1054 2839 1214 2903 enimait:
1241 2836 1334 2917 Quod
1351 2836 1437 2901 bomi-

300 2947 394 3010 nibus
422 2946 609 3027 iupossibile
637 2945 775 3023 uidetur,
804 2946 898 3010 facile
927 2950 975 3011 est
1004 2946 1196 3023 hominibus,
1226 2947 1253 3010 si
1281 2942 1436 3011 noluerint.

301 3053 372 3117 sed:
397 3053 503 3132 Quod
527 3053 754 3127 hominibus,
775 3053 889 3135 inquit
910 3054 1137 3135 inpossibile
1157 3056 1222 3132 estq
1247 3052 1314 3117 deo
1338 3050 1436 3115 facilc

391 3297 407 3349 9
426 3297 524 3350 Mutth.
546 3297 587 3363 19,
607 3296 726 3359 act-2&
746 3297 829 3350 Marc.
851 3298 892 3363 10,
912 3298 1032 3366 26-273
1052 3298 1117 3352 Luc.
1138 3298 1180 3361 18,
1200 3298 1307 3351 26—‘27

340 3422 352 3473 1
374 3419 474 3474 diuites
492 3420 519 3474 L
609 3420 625 3471 2
649 3420 754 3473 iaciant
776 3420 799 3473 O
889 3424 905 3476 3
929 3440 983 3475 nun
1008 3438 1086 3493 posse
1110 3422 1210 3477 intrare
1229 3424 1318 3492 sique
1336 3418 1440 3475 curas

301 3514 318 3562 5
338 3509 469 3573 nesciunt,
483 3526 517 3564 m.
533 3515 549 3563 1
565 3526 582 3561 u
597 3523 709 3578 supera
724 3510 789 3563 add.
800 3510 826 3563 L
882 3511 947 3581 quid
960 3512 1107 3581 loquantur
1116 3511 1168 3564 PL
1183 3512 1249 3581 quid
1263 3512 1403 3581 loquuntur
1418 3508 1440 3559 Τ

301 3598 363 3652 edd.
419 3600 503 3651 dnus
522 3598 665 3652 meliusT
717 3600 806 3653 iustos
825 3601 852 3653 P
911 3600 976 3669 quid
995 3601 1141 3670 loquantur
1158 3600 1219 3653 cdd.
1233 3606 1346 3669 praeter
1364 3616 1392 3662 u;
1407 3596 1440 3662 cs.

301 3688 415 3742 Rc'necb
428 3688 510 3740 Itala
528 3687 588 3740 arrd
606 3687 828 3756 Vulpa1a1875
843 3706 872 3757 p.
891 3693 951 3743 430
1034 3692 1049 3743 7
1069 3686 1442 3759 deinde-discipuliscn.1'

302 3776 418 3830 8deurn
438 3776 552 3829 audiunt
570 3776 597 3829 L
648 3776 681 3829 10
701 3776 875 3831 de0=Cde0
896 3782 988 3831 autern
1007 3778 1034 3831 P
1084 3779 1114 3831 ll
1136 3776 1219 3830 futuri
1239 3776 1266 3829 P
1318 3778 1351 3829 12
1369 3789 1441 3829 euan-

302 3866 403 3933 gelium
422 3866 450 3917 P
533 3866 568 3917 14
585 3864 749 3919 uidebantur
767 3868 795 3934 (n
815 3870 886 3935 exp.)
906 3866 933 3917 L
1004 3870 1036 3919 ut
1054 3882 1106 3919 om.
1125 3866 1152 3918 P
1223 3866 1250 3919 in
1271 3860 1444 3933 (aprus

304 3956 336 4007 15
356 3953 508 4022 apostolica
531 3953 557 4005 Τ
610 3955 643 4006 16
663 3952 796 4021 sapiends
814 3954 842 4005 P
919 3952 1052 4022 sperando
1072 3956 1098 4023 (c
1118 3970 1152 4008 ex
1171 3969 1187 4005 u
1205 3971 1241 4007 m.
1260 3956 1285 4019 1)
1304 3954 1332 4007 P
1396 3948 1442 4002 die·

301 4042 404 4110 (faccee
421 4041 480 4095 uid.
500 4040 574 4109 n)0
629 4043 661 4094 17
683 4049 711 4094 et
729 4058 781 4095 cm.
800 4041 826 4094 L
881 4042 915 4096 18
935 4040 1141 4112 adprehendant
1163 4042 1265 4099 Tedd.
1318 4038 1445 4096 istut'u

338 4130 491 4200 apostolica
508 4135 654 4201 praecepta
676 4130 702 4183 Τ
773 4132 806 4184 19
827 4130 906 4185 rebus
926 4132 982 4184 suis
1006 4132 1031 4184 T
1095 4130 1130 4186 20
1149 4132 1211 4185 illos
1232 4132 1274 4201 es]
1295 4148 1340 4185 ecs
1358 4130 1400 4184 ills
1424 4128 1447 4181 Τ

302 4219 363 4273 edd.
400 4220 435 4271 22
454 4218 622 4289 impossibile
640 4220 797 4272 horninibus
821 4219 846 4272 Τ
881 4221 914 4273 23
933 4220 1094 4290 inpossibile
1112 4219 1253 4275 uideretur
1269 4220 1318 4275 CO
1335 4218 1444 4288 inpos-i-

302 4307 358 4360 bile
378 4310 420 4360 est
438 4308 598 4377 inpossibile
617 4306 726 4361 uidetur
745 4308 772 4359 P
826 4309 859 4360 24
879 4309 969 4377 inquit
989 4324 1039 4365 om.
1063 4309 1088 4362 Τ
