3092 4959
266 366 328 428 110
613 359 640 414 S.
668 359 804 414 Aureli
832 357 1047 428 Augustini

263 576 327 621 uua
349 575 485 638 persona
506 555 563 620 liat
581 554 726 619 bominis.
749 574 822 618 nam
842 555 927 618 sicut
944 554 974 617 in
995 554 1117 618 unitate
1136 571 1289 635 personae
1309 553 1412 617 anima

263 665 367 728 utitur
386 681 523 746 corpore,
542 665 580 726 ut
597 663 692 727 homo
712 660 764 739 sit,
784 661 829 725 ita
846 661 876 724 in
898 661 1018 725 unitate
1036 679 1188 742 personae
1208 660 1286 724 deus
1312 660 1413 723 utitur

264 771 400 844 homine,
434 772 470 833 ut
503 767 649 833 Christus
681 768 731 832 sit.
767 768 799 831 in
832 767 887 831 illa
919 785 993 850 ergo
1026 787 1160 850 persona
1190 767 1329 831 mixtura
1364 769 1413 830 est

265 877 387 943 animae
411 879 444 939 et
466 874 616 958 corporis,
640 875 672 938 in
690 875 750 937 hac
768 893 902 957 persona
921 874 1056 939 mixtura
1075 879 1125 938 est
1143 873 1193 938 dei
1213 878 1245 938 et
1263 873 1419 958 hominis„

265 984 293 1048 si
316 986 422 1046 tamen
445 980 573 1046 recedat
596 981 721 1045 auditor
739 1000 757 1044 a
776 980 1004 1046 cousuetudine
1029 999 1287 1063 corporumque
1310 980 1413 1044 solent
1442 998 1452 1036 ⁵

266 1091 328 1155 duo
346 1090 486 1171 liquores
505 1089 551 1150 ita
570 1089 706 1163 misceri,
725 1091 763 1151 ut
782 1091 930 1152 neutrum
950 1091 1056 1152 semet
1073 1088 1287 1170 integritatem
1310 1106 1411 1162 suam,

266 1214 457 1278 quamquam
482 1194 567 1259 etin
590 1195 670 1278 ipsis
694 1194 879 1275 corporibus
903 1193 967 1258 aeri
990 1196 1043 1258 lux
1070 1194 1253 1275 incorrupta
1280 1194 1411 1258 miscea-

265 1308 326 1366 tur.
355 1321 428 1385 ergo
456 1319 590 1384 persona
621 1301 758 1365 hominis
791 1301 927 1364 mixtura
960 1304 1010 1364 est
1042 1301 1162 1364 animae
1196 1304 1228 1364 et
1260 1299 1411 1380 corporis,

267 1426 399 1491 persona
421 1411 527 1472 autern
551 1405 671 1472 Christi
693 1406 833 1470 mixtura
856 1409 906 1470 est
929 1407 978 1470 dei
1003 1408 1035 1470 et
1057 1407 1210 1482 hominia;
1231 1424 1304 1470 oum
1328 1405 1411 1470 euim

266 1515 399 1580 uerbum
428 1513 479 1577 dei
505 1513 695 1596 permixtum
724 1516 773 1576 est
801 1513 921 1577 animae
950 1514 1076 1577 habenti
1107 1529 1231 1596 corpus
1261 1513 1359 1577 simul
1381 1518 1414 1576 et
1431 1537 1453 1576 ro

267 1623 402 1686 animam
414 1621 557 1702 suscepit
571 1624 603 1684 et
617 1639 743 1703 corpus.
753 1619 834 1683 illud
854 1619 969 1684 cotidie
986 1621 1020 1684 lit
1035 1621 1073 1684 ad
1088 1620 1297 1703 procreandos
1313 1619 1412 1684 bomi-

267 1748 332 1805 nes‚
352 1729 413 1792 hoc
431 1727 529 1793 semel
548 1727 666 1791 facturn
686 1730 737 1791 est
755 1728 794 1791 ad
813 1727 992 1791 liberandos
1006 1728 1162 1794 homiues.
1177 1747 1288 1791 uerum
1306 1731 1412 1791 tamen

268 1834 400 1898 duamm
423 1854 528 1899 rerum
556 1835 810 1915 incorporearum
839 1835 1020 1899 commixtio
1044 1834 1170 1899 facilius
1194 1835 1278 1900 credi
1302 1835 1413 1899 debuit

268 1960 362 2022 qnam
381 1941 474 2005 nnius
497 1941 700 2022 incorporeae
724 1943 756 2003 et
776 1941 905 2004 alterius
926 1959 1101 2022 corporeae.
1120 1959 1191 2004 nam
1212 1941 1239 2004 si
1259 1941 1411 2004 animuin

268 2051 447 2111 suanatura
460 2066 520 2112 uon
535 2047 672 2122 fallatur,
683 2047 899 2129 incorpoream
914 2065 947 2110 se
962 2064 1033 2112 esse
1049 2047 1298 2128 comprehendit;
1311 2046 1411 2110 multo
1430 2070 1455 2109 rs

268 2153 371 2236 magis
399 2153 615 2235 incorporeum
644 2155 693 2217 est
720 2151 853 2216 uerbum
882 2151 932 2216 dei
960 2171 995 2214 ac
1023 2172 1079 2234 per
1102 2153 1162 2218 hoc
1185 2153 1275 2217 uerbi
1303 2153 1355 2218 dei
1381 2157 1413 2215 et

268 2261 389 2324 animae
412 2259 592 2323 credibilior
615 2258 724 2322 debuit
747 2277 817 2324 esse
840 2259 1005 2341 permixtio
1030 2277 1122 2341 quam
1147 2259 1269 2323 animae
1293 2263 1326 2324 et
1349 2279 1413 2324 cor·

266 2367 363 2448 poris.
382 2365 438 2430 sed
457 2365 566 2430 hocin
585 2365 675 2430 uobis
694 2365 774 2447 ipsis
794 2366 978 2447 experimur,
993 2366 1074 2430 illud
1091 2367 1122 2430 iu
1143 2366 1268 2432 Christo
1288 2367 1413 2432 eredere

307 2576 319 2627 l
339 2577 388 2628 fiat
406 2590 521 2644 persona
540 2573 573 2625 K
641 2573 773 2641 homines,
792 2591 826 2626 m.
846 2578 861 2626 1
879 2590 948 2628 corr.
968 2573 1083 2627 hominis
1107 2574 1145 2628 W
1214 2577 1241 2628 in
1261 2593 1322 2643 oua,
1341 2593 1375 2629 m.
1395 2579 1414 2628 2

269 2663 334 2717 add.
357 2663 396 2716 W
478 2665 734 2732 enimc—personae
753 2679 814 2727 om„
833 2681 867 2716 m.
888 2668 906 2716 3
924 2665 956 2718 iro
973 2681 1058 2734 marp.
1079 2663 1144 2717 add.
1164 2664 1212 2719 scd
1229 2665 1331 2719 codicis
1349 2666 1413 2718 reci·

267 2753 344 2807 ciem
361 2752 512 2806 monimum
524 2758 635 2820 partem
653 2752 824 2821 deperditum
843 2753 877 2805 H
923 2753 939 2805 2
959 2754 1052 2806 unitur
1071 2754 1173 2822 corpori
1194 2753 1254 2809 cdd.
1270 2760 1414 2822 praetera

305 2841 344 2894 ita
362 2857 422 2903 om„
441 2859 475 2894 m.
492 2845 511 2893 2
530 2841 594 2894 add.
614 2840 654 2894 W
703 2842 791 2894 utitur
809 2857 860 2895 om.
875 2841 909 2895 H
960 2843 1053 2895 unitur
1070 2842 1174 2896 bomini
1193 2843 1253 2898 edd.
1268 2849 1382 2912 practer
1396 2859 1415 2895 a

268 2930 422 2996 3lromine,
441 2947 510 2983 corr.
529 2931 633 2984 homini
651 2930 685 2982 H
755 2930 917 2984 christianus
935 2930 965 2984 D
1036 2933 1179 3002 4corpori
1198 2932 1227 2986 Si
1247 2933 1274 2985 in
1293 2932 1324 2985 D
1385 2931 1412 2984 in

269 3018 613 3088 hucpersonasffua'tm)
636 3019 704 3071 Tin
723 3018 954 3088 hancpersonam
973 3021 1034 3073 MA
1090 3025 1131 3073 est
1150 3019 1244 3075 om.P
1296 3019 1413 3074 hominis

268 3112 292 3175 (a
310 3124 331 3164 a.
350 3112 389 3171 u.)
409 3108 439 3161 D
506 3107 663 3162 truditur
685 3107 724 3162 W
793 3123 845 3177 quo
864 3109 954 3162 MAP
1020 3109 1179 3163 tmiscueri
1198 3109 1228 3163 D
1247 3108 1414 3163 commisceri

270 3197 329 3251 edd.
407 3201 474 3251 nent
496 3197 531 3249 W
549 3200 643 3250 neuter
661 3195 695 3250 H
710 3197 771 3250 cdd.
842 3198 1037 3267 iquaequam,
1056 3215 1090 3251 m.
1111 3202 1130 3252 2
1149 3206 1285 3267 quaquam
1308 3199 1412 3268 una·

270 3301 348 3353 qnam
367 3285 394 3337 P
464 3284 492 3338 in
511 3301 562 3341 om.
584 3285 635 3339 GR
725 3285 887 3355 8persoua]
908 3287 995 3340 itaet
1017 3285 1084 3340 WH
1164 3305 1280 3357 persona
1298 3287 1413 3341 hominis

270 3390 331 3438 ona,
350 3389 384 3426 m.
405 3377 424 3427 2
444 3374 508 3426 add.
528 3375 572 3427 nel
590 3373 624 3427 K
686 3377 728 3426 est
745 3388 797 3426 om.
816 3373 850 3426 K
901 3382 967 3442 poet
986 3377 1104 3444 corporis
1123 3393 1157 3428 m.
1178 3379 1197 3428 2
1216 3375 1280 3430 add.
1302 3393 1414 3446 persona

270 3462 387 3514 hominis
407 3465 449 3515 est
467 3461 500 3515 K
570 3462 603 3515 10
623 3465 651 3516 et
669 3462 712 3515 bia
729 3460 763 3514 K
838 3463 868 3516 11
890 3464 1011 3533 suscipit,
1030 3481 1063 3517 m.
1085 3469 1103 3517 3
1122 3467 1241 3533 suscepit
1261 3463 1294 3517 H
1382 3464 1413 3518 ud

270 3565 320 3603 om.
345 3551 371 3604 Τ
387 3549 421 3604 ob
439 3551 477 3603 P¹
525 3553 556 3604 12
575 3551 785 3605 hoc-homines
804 3568 855 3606 om.
880 3551 941 3605 ΤΡ1
995 3553 1116 3606 homines
1137 3570 1187 3606 our.
1210 3552 1259 3606 CR
1303 3555 1336 3608 13
1355 3571 1413 3622 per·

269 3638 363 3692 mixtio
382 3639 423 3704 B,·
442 3639 476 3705 cf.
495 3644 574 3692 u.17
648 3642 680 3693 14
700 3640 889 3708 quamdunius
909 3643 974 3708 (rae.
993 3645 1065 3694 1-2
1080 3642 1108 3708 l.)
1127 3641 1166 3694 W
1216 3643 1373 3712 incorporea
1387 3639 1416 3693 K

308 3730 336 3780 et
353 3744 404 3780 our.
427 3728 497 3782 WH
602 3734 630 3782 et
652 3729 764 3782 alterius
789 3746 932 3799 corporeae
956 3745 1007 3783 om.
1027 3729 1060 3782 K
1165 3731 1198 3786 15
1222 3730 1329 3784 fallitur
1351 3729 1415 3784 WH

307 3817 401 3880 multe,
419 3835 455 3870 m.
476 3821 495 3870 3
513 3822 541 3870 et
559 3818 644 3871 multo
662 3818 697 3870 H
766 3819 1002 3873 multo-uerbum
1022 3819 1066 3872 dei
1085 3836 1135 3874 om.
1155 3817 1188 3872 K
1241 3820 1273 3873 16
1293 3821 1413 3890 incorpo-

270 3922 344 3959 reum
364 3910 420 3974 (um
439 3921 460 3960 a.
479 3923 506 3959 u.
526 3905 591 3959 cdd.
610 3922 645 3959 m.
663 3913 695 3959 ut
712 3907 771 3960 uid.
792 3910 821 3974 2)
845 3907 883 3960 W
902 3909 930 3961 in
950 3924 1069 3976 corpore,
1088 3925 1122 3962 m.
1144 3913 1162 3962 3
1181 3909 1367 3979 incorporeum
1387 3907 1417 3962 H

308 3995 420 4048 uerbum
439 3995 489 4062 bia,
508 3995 626 4048 almum
644 3995 695 4049 del.
715 3995 753 4048 Μ
818 4013 862 4050 *ae
885 3997 907 4050 0
977 3997 1096 4064 uerbum,
1115 4015 1150 4051 m.
1169 4003 1184 4050 1
1203 4013 1272 4051 corr.
1292 3999 1369 4053 uerbi
1383 3997 1417 4051 nr

272 4082 384 4136 uerbum
403 4081 430 4136 A
504 4085 535 4136 17
551 4083 656 4137 animae
676 4084 768 4138 mixtio
789 4084 943 4138 credibilior
962 4085 1058 4140 debuit
1076 4101 1135 4140 esse
1155 4103 1235 4154 quum
1259 4087 1298 4140 W
1313 4088 1415 4140 animm

273 4172 428 4226 credibilior
454 4171 549 4226 debuit
576 4189 634 4226 esse
663 4191 742 4243 quam
770 4178 815 4242 (nr.
846 4179 864 4228 3
888 4181 952 4244 poet
979 4177 1085 4230 animae
1114 4175 1178 4230 add.
1203 4177 1369 4244 commixtio)
1388 4175 1416 4228 H

308 4261 412 4330 corpori
431 4261 464 4314 K
517 4262 550 4315 18
569 4261 727 4332 expedimur
745 4263 778 4316 K
