3092 4959
526 415 792 486 epistularum
821 418 913 473 CXLI.
1225 427 1288 491 237

138 606 242 670 adhuc
269 609 455 674 uiuentibus
488 611 544 688 eis,
574 611 627 694 qui
657 613 925 695 subscripserunt,
953 616 1149 682 innotuerint
1181 619 1290 683 eadem

136 717 229 795 gesta
262 715 409 780 omnibus
443 717 534 796 locis,
562 718 594 782 in
629 719 743 801 quibus
778 725 904 804 oportet
935 725 973 786 ut
1004 723 1215 802 innotescant,
1245 727 1291 790 sic

136 822 234 884 etiam
276 823 316 886 ad
360 827 506 904 posteros
559 825 741 890 confirmata
787 829 905 893 ueritas
956 830 1148 910 perdurabit.
1193 831 1291 896 nolite

136 944 213 1010 ergo
246 947 316 993 esse
348 929 464 1014 ingrati
497 934 604 996 tantae
630 932 866 998 misericordiae
900 936 959 1009 dei,
993 955 1073 1018 quae
1106 957 1161 1020 per
1195 938 1290 1002 istam

102 1055 116 1092 ι
136 1035 337 1118 diligentiam
356 1038 449 1103 uobis
468 1039 648 1104 ministrata
668 1044 733 1116 est;
753 1043 841 1106 nulla
865 1044 1025 1109 excusatio
1043 1046 1107 1108 iam
1126 1046 1291 1122 remansit3

134 1143 273 1206 nimium
300 1143 388 1220 dura,
416 1145 550 1210 nimium
578 1147 735 1212 diabolica
767 1147 862 1212 corda
893 1153 968 1215 eunt
1003 1151 1179 1229 hominum,
1212 1171 1292 1234 quae

136 1249 243 1315 adhuc
265 1255 372 1316 tantae
395 1254 645 1319 manifestationi
667 1257 814 1320 ueritatis
837 1256 1006 1323 obsistunt.

65 1369 72 1382 ·
183 1359 266 1422 Ecce
289 1359 430 1441 episcopi
451 1361 551 1442 partis
575 1365 711 1439 uestrae,
736 1382 816 1445 quos
841 1383 948 1429 omnes
977 1364 1152 1447 elegerunt,
1176 1370 1213 1427 ut
1235 1382 1291 1446 pro

136 1464 287 1529 omuibus
323 1464 537 1547 loquerentur,
575 1469 680 1533 conati
718 1472 802 1547 sunt,
841 1475 995 1551 quantum
1035 1473 1219 1553 potuerunt,
1256 1473 1293 1534 ut

87 1591 115 1630 ιο
135 1571 267 1635 omnino
291 1572 363 1653 ipsa
381 1591 476 1637 causa
494 1593 555 1638 non
576 1578 731 1658 ageretur,
750 1581 880 1658 propter
899 1595 994 1658 quam
1013 1579 1123 1641 tantus
1141 1594 1292 1640 numerus

135 1677 360 1761 episcoporum
389 1681 556 1764 utriusque
583 1683 682 1764 partis
712 1682 749 1745 de
779 1682 930 1748 uniuersa
955 1683 1064 1748 Africa
1092 1686 1124 1747 et
1156 1683 1194 1748 de
1225 1686 1292 1747 tam

133 1785 322 1870 longinquis
350 1785 429 1850 locis
458 1787 680 1871 Carthaginem
710 1792 850 1852 uenerat.
885 1791 917 1852 et
949 1807 1021 1853 oum
1054 1790 1157 1855 omnis
1190 1791 1294 1855 anima

136 1911 297 1975 suspensa
329 1897 516 1975 expectaret,
547 1895 579 1958 in
612 1900 700 1959 tanta
733 1897 920 1961 collectione
953 1896 1029 1979 quid
1061 1900 1217 1979 ageretur,
1245 1897 1294 1959 illi

135 1999 345 2064 uehementer
366 2000 537 2078 instabant,
557 2005 594 2066 ut
616 2002 694 2066 nihil
719 2006 875 2087 ageretur.
901 2022 964 2084 qua
981 2022 1015 2066 re
1039 2002 1109 2079 boc,
1133 2003 1195 2066 uisi
1219 2004 1294 2084 quia

87 2122 115 2164 ιι
136 2123 269 2169 causam
299 2123 390 2168 suam
417 2105 534 2169 maiam
563 2107 706 2171 sciebant
733 2110 766 2172 et
792 2108 945 2172 facillime
969 2125 1003 2172 se
1026 2126 1121 2189 posse
1144 2108 1241 2180 uinci.
1265 2109 1293 2172 si

135 2213 299 2295 ageretur,
320 2211 464 2276 dubitare
487 2231 548 2276 non
571 2215 738 2295 poterant?
762 2213 832 2296 ipse
851 2233 925 2300 ergo
944 2214 1069 2279 animus
1090 2233 1209 2294 eorum,
1229 2234 1292 2298 quo

135 2318 307 2396 timebant,
331 2337 368 2383 ne
393 2337 489 2382 causa
512 2322 667 2403 ageretur,
691 2319 754 2384 iam
779 2321 884 2385 uictos
909 2338 963 2383 eos
986 2339 1058 2384 esse
1085 2321 1292 2386 monstrabat.

137 2425 168 2490 si
193 2427 276 2490 enim
301 2429 531 2508 extorquerent,
556 2427 642 2508 quod
664 2426 825 2502 uolebant,
845 2426 963 2490 utiam
983 2427 1120 2492 conlatio
1138 2429 1209 2511 ipsa
1231 2447 1293 2494 nou

136 2531 241 2607 fieret,
265 2550 322 2598 nec
347 2531 617 2615 disputationibus
641 2534 759 2598 nostris
782 2533 902 2598 ueritas
925 2538 1098 2616 appareret,
1125 2535 1293 2599 redeuntes

85 2659 115 2700 ιο
137 2659 159 2704 a
184 2638 374 2723 Cartbagine
394 2639 581 2721 quidnobis
601 2643 691 2705 erant
713 2639 917 2724 responsuri?
936 2640 1013 2722 quid
1028 2639 1293 2706 demonstraturi?

137 2744 244 2822 credo,
268 2745 422 2828 prolaturi
446 2747 535 2809 erant
557 2749 648 2830 gesta
673 2748 705 2810 et
723 2745 838 2810 dicturi
861 2745 969 2809 uobis:
993 2745 1061 2810 Nos
1083 2746 1293 2825 instabamus,

136 2854 178 2916 ut
197 2869 293 2915 eausa
311 2871 373 2916 nou
393 2855 549 2934 ageretur,
564 2853 614 2915 illi
627 2851 797 2930 instabant,
818 2853 855 2915 ut
873 2855 1028 2935 ageretur.
1047 2871 1106 2917 uos
1121 2853 1294 2936 expectatis

136 2958 261 3034 uidere,
286 2957 362 3040 quid
386 2958 558 3040 egerimus;
584 2977 656 3024 ecoe
679 2959 790 3041 legite,
814 2957 869 3022 ubi
898 2977 952 3022 eos
981 2959 1130 3035 uicimus,
1155 2961 1193 3022 ut
1215 2959 1294 3023 nihil

137 3083 318 3149 ageremus.
345 3065 426 3128 forte
455 3067 486 3129 et
513 3083 573 3129 uos
601 3064 846 3147 responderetis,
871 3065 898 3126 si
927 3083 980 3129 cor
1007 3065 1182 3130 haberetis:
1206 3063 1295 3128 Nihil

177 3257 195 3310 2
215 3259 247 3308 ut
264 3271 325 3319 om,
343 3253 459 3323 m.1<.9)
479 3255 544 3311 add.
564 3255 592 3308 P
627 3255 643 3309 3
662 3254 822 3324 perdurauit
839 3255 867 3308 P
886 3258 965 3321 (corr.
985 3255 1154 3325 perdurabit)
1165 3254 1294 3310 MFAP¹

138 3350 187 3408 (m.
209 3345 229 3397 2
246 3342 416 3413 perdurabit)
435 3343 462 3397 R
481 3343 540 3396 edd.
557 3347 669 3410 praeter
687 3359 736 3396 em
772 3343 790 3394 4
805 3344 860 3411 qui,
879 3346 1025 3396 ιιι.1ωιι.
1041 3342 1145 3413 qqu
1184 3344 1201 3396 6
1216 3341 1292 3412 dura]

137 3432 209 3485 dura
228 3436 257 3484 et
274 3431 303 3484 P
408 3434 471 3485 sunt
489 3431 627 3484 bominum
646 3431 728 3484 corda
746 3431 807 3484 edd.
916 3433 930 3484 i
954 3431 1060 3500 tantae]
1085 3433 1163 3483 tante
1186 3431 1249 3484 hnic
1268 3431 1296 3484 P

176 3519 407 3585 manifestatione,
426 3537 460 3574 ιιι.
480 3524 495 3573 1
513 3536 583 3574 corr.
601 3519 820 3573 manifestationi
838 3517 877 3572 P¹
913 3519 929 3573 8
949 3519 1095 3587 eligemnt‚
1114 3535 1184 3573 corr.
1203 3520 1294 3589 elege-

137 3611 205 3662 runt
228 3609 256 3661 P
367 3607 399 3662 10
424 3615 490 3678 quaa
512 3611 607 3661 tantus
629 3608 658 3661 P
680 3611 797 3677 quantus
821 3607 859 3661 M
880 3610 923 3674 (m.
943 3611 958 3660 1
976 3623 1047 3661 corr.
1067 3614 1121 3677 qua
1142 3611 1248 3676 tantus)
1266 3607 1297 3661 F

139 3699 176 3750 12
195 3701 328 3752 uenerant
345 3697 374 3750 Ρ.
454 3697 487 3751 13
505 3696 574 3750 illud
592 3697 619 3750 A
703 3697 736 3750 14
754 3696 906 3759 instabunt,
924 3713 959 3753 m.
978 3699 994 3748 1
1012 3712 1080 3750 corr.
1100 3696 1242 3750 instabant
1259 3695 1296 3749 M

178 3787 359 3857 quiaom.P
448 3788 481 3842 15
500 3803 528 3840 ae
547 3786 655 3840 om.M
744 3787 777 3839 16
797 3786 915 3856 quodP
1004 3785 1293 3856 ltner(cap.)1³¹

177 3875 369 3929 monstrabant
385 3875 414 3928 P
430 3877 512 3944 (post.
531 3892 549 3928 ιι
569 3878 650 3942 erne.)
668 3874 704 3929 Μ
720 3878 804 3944 (poet.
823 3892 842 3928 rr
860 3877 931 3943 exp.)
984 3875 1017 3928 18
1031 3874 1185 3928 uolebant»
1198 3875 1253 3926 iam
1269 3873 1295 3927 P

139 3968 176 4020 19
196 3981 231 4019 ne
249 3963 287 4018 M
357 3963 493 4034 appariret
510 3965 538 4016 A
593 3963 628 4017 20
647 3964 673 4033 a]
693 3967 723 4018 at
742 3966 766 4029 (t
785 3965 856 4032 exp.)
874 3961 912 4017 P¹
961 3963 996 4017 22
1016 3950 1166 4017 causan-ra
1183 3964 1294 4031 geretur

137 4057 187 4122 (m.
207 4051 439 4122 euganeisque
546 4053 731 4123 expectabatis
749 4052 789 4106 M
875 4053 910 4107 23
929 4051 1022 4106 audire
1041 4052 1069 4104 P
1175 4050 1248 4120 quod
1266 4052 1293 4102 A

179 4159 328 4213 egeremus,
348 4159 382 4199 m.
402 4148 417 4195 1
434 4159 520 4212 eaeprc
541 4159 681 4212 ageremus
699 4141 730 4196 F
746 4158 888 4212 ageremus
907 4142 944 4196 M
959 4141 1079 4211 gerimus
1097 4140 1125 4192 A
1192 4140 1293 4209 elegite

139 4233 215 4304 (serit
232 4234 257 4300 e)
275 4233 304 4286 P
357 4232 393 4286 24
410 4231 656 4286 forte-haberetis
676 4248 735 4296 orn,
754 4249 790 4285 ιιι.
810 4231 880 4285 aia
896 4247 982 4300 marg.
1003 4229 1112 4284 aaran>
1181 4244 1292 4298 reapon-

139 4322 237 4377 deritis
254 4324 283 4375 A
