3092 4959
519 416 783 485 epistularum
807 415 924 471 CLXIX.
1237 422 1302 485 619

145 610 288 693 corporis
313 628 419 687 sensu,
449 613 481 674 ot
503 610 583 674 nihil
607 611 652 674 sit
675 611 824 695 amplius,
848 631 944 694 quam
969 613 1053 695 qnod
1077 614 1215 679 sentitur
1238 634 1302 679 cor·

144 717 232 800 poris
261 720 379 782 seusu?
408 717 512 782 anima
540 717 624 782 enim
652 718 740 782 nullo
770 737 867 782 sensu
896 720 1037 801 corporis
1063 721 1114 785 uel
1138 721 1170 784 iu
1194 722 1302 803 aliquo

146 827 307 890 animante
341 825 485 890 sentitur.
518 844 578 890 nou
606 825 707 909 igitur
736 843 817 909 opus
846 830 896 891 est
924 845 1082 908 quaerere,
1117 847 1179 910 quo
1208 828 1302 892 modo

145 932 329 1016 apparuerit
359 933 525 996 columbae
551 933 673 1015 species
699 933 882 1015 corporalis,
912 934 998 997 sicut
1020 953 1081 997 nou
1107 935 1301 1017 quaerimus,

111 1059 209 1122 squo
233 1039 327 1103 modo
353 1040 516 1104 sonuerint
539 1058 635 1103 uoces
665 1040 827 1104 articulati
851 1041 1003 1122 corporis.
1032 1040 1060 1104 si
1089 1043 1172 1105 euim
1197 1041 1304 1125 potuit

146 1147 252 1212 anima
290 1165 350 1210 uon
389 1165 459 1210 esse
486 1147 612 1224 media,
650 1146 705 1210 ubi
742 1165 815 1218 uox,
852 1165 913 1211 non
949 1148 1040 1229 quasi
1074 1168 1146 1222 uor,
1186 1147 1304 1212 dicitur

145 1253 242 1330 facta,
295 1257 411 1334 quanto
464 1253 567 1336 magis
614 1253 730 1336 potuit,
783 1252 839 1316 ubi
885 1253 1004 1317 dicitur
1050 1254 1199 1318 columba
1243 1254 1303 1318 hoc

146 1360 244 1423 uerbo
282 1358 460 1440 significata
498 1359 566 1422 sola
608 1357 713 1440 specie
752 1359 908 1440 corporali
945 1360 1048 1423 oculis
1085 1360 1210 1424 reddita
1241 1380 1302 1424 nou

145 1469 261 1530 natura
293 1465 433 1528 uiuentis
467 1465 637 1530 animantis
671 1468 832 1548 expressa!
872 1466 932 1530 hoc
965 1466 1059 1530 modo
1094 1467 1190 1530 etiam
1221 1467 1303 1532 illud

98 1571 1304 1654 1odioitur:Factusestsubitodecaelosonusquasil'erretur

147 1679 268 1743 flatus
297 1679 510 1756 uehemens,
542 1684 578 1742 et
606 1678 712 1744 uisae
742 1686 831 1743 sunt
857 1680 939 1744 illis
967 1679 1121 1762 linguae
1155 1679 1302 1743 diuisae

147 1787 259 1851 uelut
290 1785 402 1869 ignis,
435 1785 493 1850 ubi
524 1785 641 1850 (licitur
673 1787 796 1868 species
831 1786 985 1868 quaedam
1018 1787 1110 1869 quasi
1142 1786 1238 1850 flatus
1271 1790 1303 1850 et

147 1894 241 1957 uelut
272 1892 356 1974 iguis
390 1892 552 1956 sensibilis
585 1893 714 1956 usitatis
748 1892 864 1958 similis
897 1893 1045 1974 notisque
1073 1893 1207 1969 naturis,
1241 1911 1301 1956 non

145 2001 236 2082 ipsae
264 1999 402 2063 usitatae
430 2003 586 2082 notaeque
615 2005 744 2062 naturae
773 1998 813 2062 ad
840 2005 969 2081 tempus
996 1999 1100 2063 factae
1129 1999 1302 2082 significari

99 2131 126 2170 rs
146 2105 305 2170 uidentur.

49 2206 90 2267 ll
194 2212 227 2278 Si
270 2216 376 2276 autem
415 2213 564 2277 subtilior
600 2214 679 2277 ratio
718 2213 770 2276 uel
808 2213 1012 2277 excellentior
1046 2213 1092 2276 rei
1129 2211 1301 2294 uestigatio

147 2321 347 2384 demonstrat
375 2339 443 2384 earn
469 2323 625 2397 naturam,
655 2339 733 2402 quae
758 2339 816 2383 uec
840 2320 1057 2402 temporaliter
1080 2337 1137 2382 uec
1161 2318 1304 2382 localiter·

146 2428 305 2502 mouetur,
331 2445 391 2490 nou
412 2425 533 2490 moueri
554 2426 617 2490 nisi
636 2447 690 2510 per
708 2426 808 2501 illam,
834 2445 915 2507 quae
939 2426 1156 2508 temporaliter
1179 2428 1304 2489 tautum

120 2551 210 2596 -·uon
245 2534 390 2597 localiter
422 2533 545 2596 moueri
573 2537 691 2615 potest,
725 2551 921 2615 consequens
950 2533 1020 2607 erit,
1055 2537 1089 2596 ut
1117 2532 1222 2597 omnia
1248 2531 1305 2594 illa

95 2668 127 2706 ao
146 2659 204 2721 per
239 2639 452 2703 ministerium
492 2645 653 2702 creaturae
689 2639 832 2703 uiuentis
872 2639 985 2703 effecta
1021 2638 1095 2716 sint,
1133 2639 1218 2702 sicut
1249 2655 1305 2718 per

147 2744 280 2828 angelos
313 2746 402 2809 fiunt.
439 2744 524 2809 unde
557 2745 743 2828 diligentius
775 2745 931 2809 disserere
964 2749 996 2809 et
1026 2747 1157 2828 longum
1192 2746 1242 2808 est
1273 2746 1306 2806 et

148 2869 210 2915 uon
227 2851 448 2916 necessarium.
468 2853 530 2916 huc
545 2851 678 2928 accedit,
699 2851 776 2933 quia
790 2856 867 2915 suut
880 2851 1033 2930 nisiones‚
1054 2871 1135 2933 quae
1154 2852 1306 2932 apparent

148 2957 280 3039 spiritui
309 2961 471 3040 tamquam
502 2960 642 3040 corporis
672 2959 820 3023 sensibus
849 2977 910 3022 uon
939 2960 1045 3023 solum
1074 2956 1304 3021 dormientibus

147 3065 203 3129 uel
236 3064 415 3128 furentibus
449 3064 504 3128 sed
533 3065 702 3146 aliquando
734 3083 828 3129 sanae
856 3066 973 3130 mentis
1002 3064 1214 3147 uigilantibus
1243 3081 1304 3127 nou

97 3201 127 3240 as
148 3189 206 3255 per·
230 3171 387 3236 fallaciam
411 3171 625 3236 inludentium
650 3172 840 3236 daemonum
864 3172 919 3235 sed
943 3191 999 3254 per
1022 3172 1162 3253 aliquam
1185 3170 1305 3235 reuela-

243 3435 276 3489 io
295 3437 355 3490 Aac.
375 3435 401 3501 2,
420 3435 491 3488 2-3

188 3610 252 3663 let
270 3609 457 3661 nihil-eeuau
475 3607 579 3662 om.U
631 3607 759 3676 amplius]
778 3607 852 3660 alind
876 3607 903 3660 V
954 3605 1026 3675 quod
1045 3623 1096 3659 om.
1115 3608 1143 3660 P
1197 3607 1305 3660 2euim

149 3700 178 3753 iu
198 3697 274 3752 nullo
299 3697 325 3751 U
397 3697 516 3768 corporis
536 3713 617 3750 sensu
639 3694 785 3749 THRVU
872 3697 889 3749 3
909 3700 951 3748 est
969 3696 1054 3764 igitur
1073 3712 1141 3764 opus
1164 3694 1308 3749 THRVU

149 3789 238 3858 igitur
257 3791 300 3840 est
319 3803 387 3856 opus
407 3787 466 3840 edd.
577 3788 595 3840 4
614 3785 687 3839 sicut
705 3786 769 3855 uon]
790 3785 828 3837 sie
842 3789 906 3852 (non
925 3802 986 3853 one,
1005 3803 1026 3839 s.
1046 3801 1075 3840 u.
1094 3801 1130 3839 m.
1149 3790 1164 3837 1
1184 3784 1261 3851 add.)
1279 3784 1307 3837 P

150 3879 248 3932 (lesse
267 3876 357 3929 anima
376 3892 429 3928 non
448 3875 481 3928 H
533 3874 703 3944 lcolumba]
722 3877 862 3943 tamquam
882 3874 1051 3927 columbam
1114 3873 1306 3943 Ssiguificatu

150 3966 211 4021 sola
234 3965 324 4035 specie
348 3965 487 4034 corporale
512 3964 597 4018 oculis
622 3963 730 4016 reddito
753 3980 807 4017 non
829 3967 929 4017 natura
951 3963 1071 4016 uiuentis
1095 3963 1242 4016 animantis
1261 3979 1305 4015 ex-

150 4063 247 4126 pressa
264 4055 292 4108 P
389 4053 498 4108 reddita
516 4071 577 4116 om„
595 4071 629 4109 m.
650 4056 670 4108 2
688 4055 720 4107 ia
738 4069 824 4122 marp.
846 4055 910 4107 add.
936 4053 962 4106 U
1052 4054 1082 4106 11
1103 4053 1158 4107 illis
1177 4069 1228 4105 om.
1253 4049 1307 4104 VU

149 4146 224 4208 illes,
244 4161 312 4198 corr.
333 4143 389 4198 illis
408 4144 436 4197 P
486 4144 520 4197 14
539 4143 702 4213 siguificare,
720 4160 755 4196 m.
775 4147 791 4195 1
809 4159 878 4196 corr.
898 4142 1044 4212 significari
1064 4141 1092 4194 U
1139 4142 1172 4195 16
1191 4141 1300 4194 inuecti·

151 4234 229 4306 gatio
252 4232 337 4288 TVU
399 4233 432 4286 18
451 4233 566 4300 moueri]
587 4249 697 4285 mouere
716 4235 818 4299 (poetr.
839 4232 856 4288 l.
876 4249 911 4284 m.
931 4237 951 4284 2
968 4233 1001 4285 in
1018 4233 1087 4298 ras.)
1110 4231 1137 4283 V
1207 4230 1240 4283 19
1259 4229 1308 4283 illa

152 4321 292 4378 omniaT
354 4321 386 4374 21
407 4321 478 4374 fiunt
496 4321 528 4374 in
545 4322 601 4388 fine
619 4339 646 4374 u.
667 4336 719 4374 om.
739 4319 767 4372 P
829 4321 863 4374 23
883 4322 1020 4392 corporeis
1038 4321 1077 4384 P‚·
1096 4323 1132 4390 cs.
1146 4338 1176 4389 p.
1199 4317 1307 4385 aaut
