3092 4959
517 399 784 469 epistularum
813 399 904 454 CXLI.
1224 401 1289 466 239

139 597 172 658 et
191 595 418 678 quicumque
437 595 468 660 in
488 615 524 660 ea
543 615 656 680 corpus
677 595 794 662 Christi
815 594 1102 662 manducauerit
1124 595 1289 681 indigne,

136 701 321 767 iudicium
353 702 426 768 sibi
454 704 657 769 manducat
685 707 720 768 et
747 702 862 778 bibit3
896 722 969 768 nam
1002 703 1099 768 etiam
1132 703 1192 768 hoc
1219 705 1289 786 ipse

137 809 303 890 apostolus
328 811 464 892 scripsit.
490 829 561 874 cum
586 812 691 875 autem
716 809 795 875 dicit
818 808 1011 874 ‘iudicium
1040 811 1114 876 sibi
1142 810 1289 876 mandu-

136 917 220 991 cat’,
248 916 327 980 satis
356 916 505 994 ostendit,
534 917 609 998 quia
636 935 695 982 non
725 917 817 980 alteri
844 915 998 980 iudicium
1031 915 1202 980 manducat
1232 915 1288 980 sed

102 1021 208 1086 ssibi.
231 1022 292 1086 hoc
315 1041 373 1088 nos
397 1023 520 1108 egimus
545 1025 577 1086 et
600 1021 800 1088 ostendimus
825 1026 857 1086 et
880 1022 1088 1099 obtinuimus,
1109 1022 1182 1104 quia
1205 1041 1288 1089 com·

133 1128 246 1193 munio
270 1129 427 1193 mulorum
450 1148 511 1194 non
531 1129 671 1193 maculat
689 1129 830 1210 aliquem
847 1129 1089 1212 participatione
1113 1147 1288 1193 sacramen-

132 1239 243 1298 torum
268 1234 324 1299 sed
348 1235 554 1300 consensione
581 1237 747 1300 factorum.
776 1255 848 1300 nam
877 1235 905 1300 si
928 1236 960 1299 in
984 1236 1077 1300 factis
1105 1237 1199 1300 malis
1227 1253 1288 1299 non

132 1342 180 1406 eis
203 1343 339 1424 quisque
359 1345 545 1420 consentiat,
563 1344 670 1425 portat
688 1343 794 1406 malus
813 1361 940 1406 causam
961 1361 1052 1406 suam
1072 1347 1102 1407 et
1121 1361 1288 1424 personam

132 1467 226 1512 suam
250 1467 308 1514 nec
331 1448 529 1531 praeiudicat
552 1448 652 1526 alleri,
678 1467 772 1531 quem
795 1449 828 1512 in
853 1451 1057 1513 consensione
1081 1449 1157 1513 mali
1185 1448 1287 1531 operis

88 1573 113 1612 ro
132 1554 258 1620 socium
282 1555 464 1622 nonhabet
488 1555 639 1620 criminis.

63 1654 82 1716 6
178 1662 249 1726 Hoc
279 1661 375 1726 etiam
400 1662 464 1744 ipsi
492 1680 571 1726 uoce
599 1662 803 1744 apertissima
832 1662 933 1726 coacti
958 1666 1033 1726 sunt
1060 1662 1202 1725 confiteri
1225 1681 1286 1726 non

129 1773 220 1846 tunc,
246 1769 370 1850 quaudo
393 1769 457 1834 ista
481 1768 674 1846 dicebamus,
700 1768 756 1834 sed
779 1771 901 1851 postea,
926 1787 998 1832 cum
1023 1768 1109 1832 aliud
1134 1772 1287 1852 ageretur.

128 1895 205 1940 nam
234 1895 307 1940 cum
336 1880 468 1940 uentum
496 1876 614 1940 fuisset
642 1875 680 1938 ad
709 1893 838 1938 causam
867 1875 963 1940 etiam
988 1875 1167 1952 Caeciliani,
1192 1895 1285 1958 qnam

129 2001 190 2048 nos
225 1984 263 2048 ab
297 1983 450 2048 ecclesiae
483 2001 580 2048 causa
612 1981 899 2066 distinguebamus,
932 1984 979 2058 ut,
1008 1983 1035 2046 si
1068 1982 1148 2046 forte
1181 1984 1285 2047 malus

85 2107 108 2146 1⁵
129 2093 220 2155 esset
255 2089 417 2166 inuentus,
454 2088 561 2172 ipsum
596 2089 882 2166 anathemaremus,
919 2107 980 2152 non
1017 2092 1122 2152 tamen
1161 2091 1287 2172 propter

127 2198 238 2279 ipsum
263 2197 431 2262 ecclesiam
456 2195 575 2260 Christi
603 2196 864 2278 relinqueremus,
889 2196 940 2259 cui
969 2215 1024 2278 per
1050 2195 1166 2260 malam
1195 2214 1285 2260 suam

127 2321 261 2368 causam
285 2303 500 2386 praeiudicare
523 2321 585 2368 non
609 2306 728 2386 posset,
748 2340 792 2348 —
812 2321 885 2367 cum
909 2321 985 2386 ergo
1008 2303 1105 2367 etiam
1125 2302 1286 2383 adipsum

126 2409 303 2474 Caeciliani
331 2429 459 2474 causam
487 2413 619 2473 uentum
648 2409 763 2474 luisset
791 2412 825 2473 et
850 2410 1006 2492 legissent
1035 2409 1083 2472 illi
1116 2408 1285 2473 concilium

126 2515 389 2599 Carthaginense,
428 2514 482 2578 ubi
518 2514 694 2580 recitabant
731 2515 936 2599 septuaginta
971 2516 1045 2598 plus
1083 2515 1188 2579 minus
1221 2514 1284 2596 epi-

79 2640 106 2680 ro
127 2641 302 2706 scoporum
339 2622 512 2687 sententies
551 2625 659 2686 contra
698 2621 911 2686 Caecilianum
944 2621 1104 2687 absentem
1133 2621 1283 2703 prolatas.

124 2727 352 2810 respondimus
381 2728 426 2792 eis
456 2727 502 2792 sic
530 2746 590 2792 uon
622 2727 735 2792 obesse
757 2729 840 2792 illud
864 2727 1085 2810 episcoporum
1114 2727 1285 2791 concilium

124 2835 254 2902 absenti
283 2834 472 2909 Caeciliano,
502 2853 596 2916 quern
621 2833 660 2898 ad
685 2833 814 2898 modum
839 2853 900 2897 non
925 2832 1028 2898 obfuit
1055 2834 1195 2915 plurium
1220 2833 1283 2914 epi-

122 2961 297 3026 scoparum
330 2941 430 3025 partis
460 2941 572 3005 Donati
602 2940 772 3006 concilium
806 2940 930 3004 absenti
958 2939 1126 3016 Primiauo,
1157 2939 1281 3022 quando

220 3202 233 3254 1
255 3200 269 3254 Ι
289 3201 349 3256 Cor,
371 3201 412 3264 11,
432 3201 467 3254 29

162 3324 328 3394 lindignus
346 3324 383 3379 M
448 3325 567 3378 aetiam
586 3325 618 3380 in
630 3327 691 3395 fine
709 3343 736 3380 a.
756 3342 807 3379 cm.
826 3325 855 3380 R
927 3323 1058 3380 3scribit
1075 3323 1103 3377 P
1188 3325 1278 3377 autern

120 3416 195 3470 dicit
213 3430 265 3468 om.
285 3413 313 3466 P
348 3413 431 3467 5n0s
450 3428 501 3466 om.
521 3414 549 3467 A
585 3416 602 3469 6
621 3415 782 3485 participat,
801 3431 836 3467 m.
855 3418 871 3466 1
890 3417 927 3481 (.)
946 3429 1015 3469 corr.
1034 3412 1231 3482 participacioh
1244 3411 1280 3463 M

120 3507 136 3558 ‘l
160 3503 340 3558 consensione
361 3506 442 3570 (poet.
463 3518 475 3554 s
494 3519 529 3556 m.
550 3503 617 3556 212
635 3520 693 3558 rua.
713 3508 733 3556 2
753 3504 782 3570 l.)
799 3503 827 3555 P
849 3503 1017 3556 confessione
1037 3501 1067 3556 F
1087 3506 1132 3571 (m.
1152 3504 1172 3554 2
1193 3516 1281 3570 aspra

117 3597 133 3650 l
155 3591 346 3658 consensione)
367 3591 403 3642 Ρ1
422 3593 467 3656 (m.
487 3593 507 3644 2
526 3592 713 3658 consensione)
790 3594 806 3644 9
827 3591 1003 3645 consensione
1021 3594 1104 3658 (post.
1126 3606 1190 3642 sm.
1211 3593 1231 3643 2
1248 3591 1280 3642 in

118 3699 182 3738 rus.
202 3685 223 3735 2
242 3681 270 3746 l.)
289 3680 316 3733 P
335 3679 504 3733 confessione
523 3678 553 3734 F
569 3682 612 3746 (m.
633 3683 653 3732 2
669 3697 759 3749 supra
778 3681 965 3746 consensione)
983 3679 1010 3732 A
1075 3680 1106 3732 11
1128 3679 1236 3747 quoacti
1255 3679 1283 3730 P

119 3772 159 3826 12
179 3769 344 3824 docebamus
363 3768 390 3822 P
454 3768 486 3820 13
506 3773 578 3822 esset
596 3769 624 3824 P
694 3769 778 3822 etiam
796 3786 858 3830 om„
875 3786 910 3823 m.
930 3775 946 3821 1
965 3768 1029 3824 add.
1048 3767 1086 3820 M
1156 3783 1234 3836 quem
1254 3766 1282 3819 P

119 3863 158 3916 15
178 3859 277 3912 suisset
294 3857 323 3910 P
381 3857 625 3925 anathemaremus,
644 3875 677 3911 m.
698 3861 718 3910 2
738 3857 1029 3910 anathematizaremus
1047 3856 1104 3910 PF
1120 3855 1278 3910 anathema·

117 3949 269 4002 tizaremus
288 3946 355 4000 P¹R
373 3946 434 4002 edd.
501 3947 533 4000 16
552 3947 737 4014 relinquemus
756 3947 821 4000 ΜΡ
883 3947 916 3999 18
936 3948 1008 3999 esset
1026 3946 1054 3999 R
1119 3947 1152 3999 19
1173 3945 1278 3998 cartha·

117 4037 247 4105 gineuse,
264 4051 299 4088 m.
319 4037 335 4086 1
353 4049 424 4091 corr.
444 4033 662 4103 carthaginiense
681 4034 716 4086 M
801 4034 873 4088 LXX
892 4033 930 4087 Ρ1
1020 4035 1055 4087 20
1074 4034 1184 4096 sent-ias,
1203 4037 1279 4087 m.2

118 4123 276 4179 sententias
295 4121 333 4175 Ρι
435 4121 633 4178 abmentemP
731 4123 852 4192 prolatas
872 4127 955 4191 (pest.
975 4140 992 4176 a
1009 4138 1043 4176 ea
1060 4138 1130 4175 corr.
1148 4139 1183 4176 m.
1204 4124 1234 4189 2)
1251 4123 1279 4174 Ρ

118 4215 155 4268 21
176 4211 494 4276 si,m.1corr.sioF
562 4213 596 4265 22
617 4214 729 4267 absente
749 4211 839 4267 MFR
921 4212 1065 4281 plurimum
1084 4215 1139 4279 (pr.
1158 4228 1185 4264 m
1203 4214 1277 4264 m.2

118 4305 194 4371 ceap.)
212 4301 250 4355 Ρ1
306 4301 341 4355 23
361 4301 474 4356 absente
493 4301 556 4356 ΜΕ
628 4301 735 4372 quando
757 4302 787 4373 ”l
808 4304 846 4368 (in
865 4304 947 4368 eras.)
965 4300 1003 4354 M
