3092 4959
254 457 294 518 12
605 455 630 506 S.
660 452 798 506 Aureli
825 453 1044 521 Augustini

251 647 309 726 uit,
339 651 395 712 unt
421 648 574 713 ment'tnr
602 652 657 712 unt
683 649 816 713 fallitur.
844 649 997 731 quaedam
1026 649 1119 726 enirn,
1144 668 1223 730 quae
1250 646 1328 711 mibi
1356 644 1395 709 ad

251 773 357 819 curam
381 772 441 819 non
461 755 615 837 pertinere
634 756 705 819 nisa
727 759 811 833 sunt,
831 755 1081 837 praetermisisse
1104 774 1154 819 me
1178 753 1290 832 sentio,
1308 753 1395 817 nulla

252 866 356 926 tamen
393 862 472 927 salsa
505 862 631 927 dixisse.
663 862 794 946 proinde
827 867 956 927 sanctus
988 862 1074 929 lilius
1106 865 1213 927 noster
1244 862 1395 925 Pinianus

253 968 335 1049 quod
360 987 409 1031 me
432 972 598 1050 praesente
622 988 658 1033 ac
682 969 884 1053 permittente
908 970 1069 1047 iurauerit,
1089 989 1199 1034 nerum
1225 973 1287 1045 est;
1312 965 1395 1049 qnod

252 1076 359 1138 antem
383 1094 432 1139 me
455 1074 666 1157 praecipiente
689 1075 852 1153 iurauerit,
875 1076 992 1141 falsum
1016 1080 1076 1141 est.
1101 1076 1163 1141 scit
1184 1077 1264 1158 ipse,
1293 1074 1396 1139 sciunt
1428 1092 1443 1134 s

253 1180 337 1243 serui
361 1179 422 1259 dei,
446 1200 525 1263 quos
550 1181 590 1245 ad
614 1201 662 1246 me
688 1182 787 1259 misit,
810 1181 912 1265 primo
941 1185 1069 1247 sanctus
1092 1182 1263 1258 Barnabas,
1287 1180 1396 1245 deinde

253 1284 422 1364 Timasius,
451 1306 506 1370 per
534 1306 627 1371 quem
655 1288 748 1351 etiam
785 1289 822 1352 de
853 1288 1062 1371 promissione
1094 1288 1289 1371 praesentiae
1322 1306 1397 1351 suae

253 1392 330 1456 rnihi
354 1393 523 1459 mandauit.
546 1395 615 1477 ipse
640 1414 765 1479 quoque
789 1396 928 1477 populns
952 1395 992 1459 ad
1015 1396 1256 1478 presbyterium,
1275 1412 1335 1458 non
1358 1392 1397 1457 ad

252 1499 489 1566 iusiurandum
514 1502 677 1566 clamando
703 1503 849 1586 cogebat;
876 1501 932 1566 sed
957 1503 1098 1566 oblatum
1118 1502 1178 1566 sibi
1198 1520 1258 1566 non
1276 1499 1398 1583 respuit

254 1625 290 1670 ea
323 1626 389 1690 spe,
418 1626 479 1689 quo
512 1612 623 1691 posset
653 1609 684 1672 in
719 1609 829 1673 eodem
864 1608 947 1691 apud
975 1627 1031 1673 nos
1061 1608 1222 1672 habitante
1249 1608 1396 1672 uoluntas
1415 1626 1444 1666 ιο

253 1714 330 1793 fieri,
355 1733 418 1796 quo
443 1716 636 1780 consentiret
663 1716 701 1779 ad
731 1715 970 1792 ordinationem,
995 1734 1043 1793 ne,
1068 1715 1152 1780 sicut
1178 1715 1347 1791 iurauerat,
1370 1712 1397 1777 si

252 1820 374 1885 inuitus
394 1819 600 1897 ordinaretur,
620 1821 814 1885 abscederet.
840 1840 876 1885 ao
895 1841 949 1904 per
972 1822 1032 1886 hoc
1051 1824 1083 1884 et
1100 1821 1149 1884 illi
1167 1825 1296 1904 propter
1319 1838 1397 1903 opus

253 1925 305 1989 dei
332 1927 550 1991 elamanerunt
580 1964 617 1974 —
648 1948 748 2009 neque
778 1929 859 1992 enim
888 1926 1096 1993 sanctificatio
1125 1928 1311 2010 presbyterii
1338 1946 1397 1991 non

254 2038 305 2099 est
327 2055 406 2118 opus
431 2037 543 2102 dei-
562 2042 603 2113 et,
623 2036 707 2119 quod
727 2041 838 2119 postea
862 2036 900 2100 de
919 2036 1076 2118 promissa
1093 2034 1272 2117 praesentia
1293 2037 1397 2118 gratn-

253 2142 311 2207 lati
333 2162 394 2207 non
419 2146 502 2219 sunt,
522 2142 584 2208 nisi
603 2143 781 2219 adderetur,
801 2142 896 2224 qnod,
916 2143 1087 2225 siquando
1107 2141 1145 2207 ad
1164 2139 1397 2222 suscipiendum
1416 2159 1443 2199 rs

254 2249 436 2314 clericatum
466 2250 642 2314 consentire
666 2250 776 2328 uellet,
800 2268 860 2315 non
889 2249 952 2313 nisi
979 2249 1009 2312 in
1035 2246 1242 2331 Hipponiensi
1265 2245 1400 2311 ecclesia

256 2356 456 2435 consentiret,
472 2358 549 2420 satis
570 2358 600 2420 iu
619 2360 769 2440 promptu
788 2359 848 2429 est,
868 2356 952 2438 quod
971 2355 1067 2419 etiam
1086 2354 1124 2418 de
1142 2354 1212 2435 ipsa
1230 2353 1297 2417 eins
1317 2352 1397 2435 apud

256 2482 289 2528 se
309 2462 502 2527 habitatione
521 2464 726 2546 sperauerint,
746 2463 881 2545 ideoque
905 2463 943 2526 ab
967 2463 1021 2526 illo
1046 2461 1148 2545 operis
1172 2460 1221 2525 dei
1245 2458 1398 2524 desiderio

256 2588 315 2634 non
340 2574 546 2635 recesserunt.

212 2679 229 2741 7
301 2673 369 2754 Quo
398 2677 490 2742 modo
519 2697 593 2763 ergo
622 2677 701 2742 diois
729 2677 790 2741 hoc
819 2695 873 2741 eos
901 2676 1016 2740 fecisse
1043 2673 1229 2755 turpissimo
1257 2670 1444 2754 appetitum

255 2782 428 2863 pecuniae?
452 2786 552 2868 primo
578 2786 651 2867 quia
676 2785 714 2849 ad
737 2785 873 2867 plebem,
898 2801 979 2865 quae
998 2782 1165 2858 clamabat,
1190 2780 1316 2843 omniuo
1338 2795 1398 2842 nou

255 2888 404 2966 pertinet;
429 2892 514 2955 sicut
537 2893 619 2956 enirn
640 2891 730 2975 plebs
750 2889 955 2974 Tagastensis
980 2888 1018 2953 de
1036 2888 1096 2963 his,
1118 2906 1197 2969 quae
1220 2883 1400 2949 contulistis

256 2996 407 3061 ecclesiae
421 2998 617 3082 Tagastensi,
631 3017 692 3062 nou
711 2996 808 3061 habet
826 2996 887 3059 nisi
907 2994 1058 3079 gandium
1077 2993 1151 3058 boni
1170 2992 1272 3076 operis
1292 2990 1401 3069 uestri,

255 3101 301 3165 sio
326 3105 358 3166 et
380 3103 608 3185 Hipponiensis
633 3106 665 3167 et
688 3102 862 3167 cuiuslibet
884 3101 1015 3165 alterius
1042 3100 1116 3174 loci,
1140 3098 1196 3162 ubi
1223 3097 1268 3161 de
1290 3114 1400 3159 mam·

256 3228 367 3273 mona
396 3209 638 3292 iniqnitatis
667 3209 787 3275 domini
814 3210 981 3291 praecepta
1001 3207 1124 3271 fecistis
1148 3206 1202 3269 nel
1224 3204 1302 3268 estis
1329 3201 1399 3265 nbi·
1418 3224 1446 3265 ss

255 3333 391 3398 cumque
414 3315 538 3380 facturi.
562 3335 623 3380 non
648 3334 721 3399 ergo
744 3316 894 3397 populus,
918 3317 955 3378 ut
979 3312 1016 3377 de
1044 3316 1132 3377 tanto
1156 3311 1224 3375 uiro
1248 3308 1400 3375 ecclesiae

256 3423 435 3487 consuleret
454 3442 539 3501 suae,
560 3421 781 3486 ardentissime
804 3420 950 3504 flagitans
970 3438 1064 3485 snum
1082 3416 1299 3500 pecuniarium
1318 3434 1400 3480 com·

256 3530 385 3594 modum
410 3529 570 3611 quaesiuit
593 3548 611 3591 a
634 3528 737 3605 uobis,
762 3527 817 3591 sed
842 3530 985 3591 nestrum
1008 3523 1160 3610 pecuniae
1184 3526 1400 3605 contemptum

255 3637 365 3702 dilexit
396 3638 427 3700 in
460 3637 562 3700 uobis.
595 3654 666 3699 nam
701 3635 727 3699 si
758 3634 790 3698 in
823 3654 873 3698 me
907 3633 1091 3709 dilexerunt,
1123 3630 1207 3713 qnod
1239 3628 1402 3693 audierant

346 3798 381 3849 24
399 3795 464 3848 Luc.
486 3796 528 3853 16.
548 3796 563 3848 9

292 3919 453 3989 3piuisnus
479 3918 531 3972 VH
615 3917 782 3971 liurauerit
799 3933 851 3970 om.
870 3915 948 3969 codd.
1031 3912 1139 3967 bscrni
1157 3928 1192 3965 m.
1212 3914 1231 3964 2
1249 3910 1353 3964 inrue.
1377 3906 1404 3961 V

255 4004 785 4075 seiniom.,tnmar9.m.1adc.
813 4003 840 4057 U
928 4004 960 4056 12
985 4005 1013 4055 et
1036 4018 1097 4063 ona,
1116 4006 1224 4057 111111.
1242 4016 1270 4054 a.
1290 3996 1401 4051 adara

292 4101 402 4168 propter
421 4097 462 4150 bis
484 4094 510 4149 T
546 4097 578 4149 14
598 4111 665 4165 opus
685 4096 727 4147 est
751 4092 806 4146 VU
846 4093 878 4145 15
896 4109 951 4145 non
969 4108 1030 4155 oin,
1049 4090 1080 4143 in
1097 4106 1184 4159 marg.
1203 4106 1237 4141 m.
1256 4092 1271 4141 1
1290 4086 1354 4141 aad.
1379 4086 1406 4139 V

258 4189 290 4240 16
310 4187 451 4257 ipponensi
476 4184 529 4239 Vb·
547 4184 716 4253 Hipponensi
735 4182 795 4237 edd.
853 4182 884 4236 17
904 4180 1056 4233 consentire
1075 4178 1102 4233 U
1171 4180 1297 4246 promptu
1315 4179 1403 4244 (praa

256 4294 291 4346 pp
311 4294 345 4333 m.
366 4274 439 4342 1)R
521 4276 557 4328 24
575 4273 732 4344 ipponensis
757 4271 811 4325 VU
827 4270 1010 4339 Hipponensis
1029 4268 1090 4323 edd.
1176 4268 1209 4319 27
1230 4265 1401 4335 pecuniarum

262 4364 316 4419 VH
385 4364 521 4434 quaesiuit
541 4362 709 4417 commodum
728 4361 788 4414 edd.
844 4360 878 4411 28
898 4376 912 4411 u
931 4358 1010 4411 nobis
1034 4354 1090 4409 VU
