3092 4959
535 490 798 560 epistularum
827 490 945 545 CXXVI.
1271 497 1310 559 11

161 684 396 749 fraudulentam
424 686 645 751 necessitatem
676 688 790 770 putari.
819 689 941 769 placuit
970 692 1085 766 tamen,
1115 693 1151 753 ut
1183 689 1221 753 dc
1253 690 1312 754 hac

161 810 196 855 re
218 792 332 874 populi
355 792 493 857 animum
518 794 737 875 experiremur,
763 798 795 858 et
818 794 898 858 nibil
926 794 1012 859 aliud
1037 814 1132 878 quam
1159 796 1203 875 id,
1228 798 1313 879 quod

162 900 401 980 putaueramus,
421 898 609 967 inuenimus.
634 920 705 964 nam
730 920 803 965 curn
827 900 896 965 eius
920 902 1017 966 uerba
1036 921 1054 966 a
1073 903 1203 967 diacono
1228 902 1314 967 dicta

161 1004 371 1070 recitarentur
389 1010 420 1069 et
435 1006 540 1071 omnia
558 1008 764 1090 placuissent,
779 1008 835 1072 ubi
853 1028 965 1071 nornen
983 1008 1186 1092 interpositae
1206 1028 1312 1074 neces·

128 1111 269 1175 usitatis
292 1112 443 1191 insonuit,
468 1113 617 1178 continuo
641 1114 848 1177 reclamatum
874 1120 924 1178 est
946 1116 1179 1199 promissioque
1204 1115 1312 1199 displi-

161 1218 232 1282 cuit
254 1219 395 1283 tumultu
419 1220 658 1285 recrudescente
683 1223 716 1284 et
738 1221 816 1284 nibil
841 1222 927 1285 aliud
953 1241 1046 1303 quam
1070 1221 1179 1286 fraude
1203 1241 1311 1287 secum

161 1326 215 1409 agi
234 1327 351 1409 populo
372 1326 580 1391 existimante.
600 1327 684 1409 quod
704 1347 776 1391 cum
792 1332 921 1391 sanctus
940 1328 1026 1393 filius
1044 1332 1152 1393 noster
1166 1329 1312 1406 uidisset,

161 1431 260 1496 iussit
281 1432 354 1497 inde
377 1433 493 1497 aulcrri
517 1452 630 1498 nomen
656 1434 857 1498 necessitatis
881 1454 1071 1517 rursumque
1095 1434 1134 1499 ad
1156 1435 1312 1499 laetitiam

162 1540 302 1621 populus
327 1539 490 1604 remeauit.

64 1646 85 1707 5
114 1662 142 1700 ιο
208 1646 250 1709 Et
272 1648 309 1710 ut
330 1646 552 1711 lassitudinem
575 1666 766 1723 recusarem,
787 1646 854 1711 sine
878 1666 929 1711 me
953 1646 990 1711 ad
1015 1646 1140 1731 plebem
1165 1646 1312 1711 accedere

161 1750 280 1827 noluit;
301 1752 398 1818 simul
417 1753 621 1818 accessimus.
637 1753 716 1817 dixit
735 1772 782 1832 ea,
803 1773 882 1835 quae
899 1773 917 1817 a
936 1753 1066 1818 diacono
1087 1752 1195 1817 audita
1215 1756 1312 1827 erant,

163 1876 198 1922 se
221 1858 398 1936 mandasse,
423 1878 457 1925 se
478 1859 601 1925 iurasse
626 1878 724 1942 eaque
754 1879 788 1923 se
817 1878 886 1924 esse
914 1860 1070 1924 facturum
1101 1860 1313 1943 continuoque

163 1965 271 2030 omnia
298 1984 334 2032 eo
363 1970 480 2047 tencre,
509 1986 570 2049 quo
599 1966 786 2043 dictaucrat‚
815 1970 1004 2049 prosecutus
1033 1969 1092 2031 est.
1125 1984 1310 2049 responsum

165 2076 228 2136 est:
249 2072 326 2138 ‘Deo
342 2074 471 2156 gratias’
490 2077 522 2138 et
537 2073 684 2155 petitum,
700 2075 737 2138 ut
750 2077 856 2139 totum
875 2073 1030 2156 scriptum
1050 2073 1311 2137 subscriberetur,

113 2198 142 2237 rs
164 2180 344 2244 dimisimus
384 2178 627 2244 catechumenos
666 2180 878 2262 continuoque
916 2180 1070 2263 scriptum
1112 2180 1313 2261 subscripsit.

164 2286 276 2351 deinde
308 2286 375 2367 peti
408 2286 570 2367 coepimus
599 2305 655 2350 nos
685 2286 827 2370 episcopi
858 2306 919 2352 non
947 2286 1082 2351 uocibus
1114 2287 1224 2370 populi
1256 2287 1312 2351 sed

163 2397 271 2459 tamen
300 2413 318 2457 a
344 2393 462 2477 populo
498 2412 553 2473 per·
585 2392 734 2458 honestos
768 2394 888 2472 fideles,
922 2398 959 2458 ut
990 2412 1047 2458 nos
1080 2412 1206 2475 quoqne
1239 2394 1312 2458 sub·

164 2502 388 2567 scriberemus.
413 2500 523 2565 alubi
548 2500 636 2582 coepi
660 2500 870 2577 subscribere,
896 2504 1005 2565 sancta
1027 2500 1165 2565 Melania
1193 2505 1313 2566 contra-

164 2608 253 2674 dixit.
276 2609 410 2673 miratus
434 2626 516 2685 sum,
536 2626 632 2690 quare
654 2612 719 2671 tam
745 2626 825 2685 sero,
845 2608 936 2689 quasi
960 2608 1201 2690 promissionem
1224 2607 1314 2671 illam

114 2730 145 2771 ²0
165 2720 197 2781 et
219 2716 408 2781 iurationem
427 2734 484 2781 nos
509 2735 570 2781 non
590 2714 820 2779 subscribendo
840 2714 942 2778 lacere
960 2733 1128 2795 possemus
1148 2714 1312 2788 iniectam

165 2823 222 2887 sed
245 2826 351 2887 tamen
375 2822 594 2905 obtemperaui
623 2840 658 2885 ao
688 2820 734 2885 sic
762 2822 915 2885 remansit
937 2840 1008 2885 mea
1035 2840 1095 2885 non
1123 2822 1217 2904 plena
1240 2822 1314 2885 sub-

165 2930 296 3013 scriptio
319 2947 378 2994 ncc
400 2928 485 2992 ultra
507 2928 598 2993 nobis
623 2928 804 3011 quisquam,
823 2930 861 2991 ut
885 2926 1167 3004 subscriberemus,
1187 2928 1316 3009 putauit

163 3036 359 3101 instandum.
908 3107 913 3119 .

65 3138 88 3202 6
210 3140 274 3221 Qui
292 3144 398 3206 autom
418 3140 479 3205 alio
498 3140 560 3218 die,
575 3142 783 3222 posteaquam
796 3139 904 3221 ipsum
919 3138 1106 3203 discessisse
1125 3138 1315 3219 didicerunt,

114 3264 143 3305 2⁵
163 3249 283 3313 fuerint
305 3250 412 3313 motus
436 3246 489 3311 uel
511 3246 639 3331 linguae
663 3245 838 3323 bominum,
865 3248 1017 3327 quantum
1041 3244 1119 3310 satis
1143 3245 1314 3311 arbitratus

164 3374 248 3431 sum,
277 3354 438 3421 sanctitati
465 3358 592 3419 uestrae
618 3372 674 3436 per
707 3352 982 3417 commonitorium
1016 3352 1161 3415 intimare
1195 3354 1313 3418 curaui.

163 3462 311 3548 quisquis
333 3462 441 3544 itaqua
464 3460 558 3525 uobis
583 3460 736 3526 contraria
759 3459 821 3526 his.
846 3479 924 3541 quae
948 3459 1082 3533 narraui,
1106 3458 1187 3523 forte
1211 3478 1315 3524 narra-

203 3688 214 3740 l
237 3686 449 3757 iraudulentum]
469 3686 670 3740 fraudulentam
691 3704 748 3741 esse
772 3686 799 3740 U
875 3688 889 3739 7
910 3686 980 3756 quod
1000 3686 1028 3756 (o
1046 3703 1066 3741 a.
1086 3690 1125 3752 u.)
1149 3685 1174 3739 V
1191 3684 1264 3756 quod
1282 3702 1317 3739 cc

164 3774 279 3845 quidU
368 3775 439 3829 filius
458 3778 568 3830 sanctus
586 3776 672 3846 alpais
690 3774 807 3830 corr.T
882 3774 1112 3843 SrnmusqueU
1184 3776 1217 3829 10
1237 3778 1315 3828 utet

163 3864 263 3935 (signia
285 3880 355 3921 corr.
380 3868 408 3918 at
430 3864 472 3935 ut)
494 3864 683 3919 lassitudinem
706 3881 858 3919 recusarem
881 3865 909 3919 R
933 3867 961 3917 et
984 3880 1018 3917 ne
1042 3866 1067 3931 (e
1090 3881 1124 3919 m.
1150 3866 1170 3917 2
1191 3865 1223 3916 ia
1247 3867 1316 3931 raa.)

163 3952 355 4007 lassitudinem
374 3970 525 4008 recusarem
546 3953 572 4006 V
585 3958 612 4007 et
626 3970 684 4007 cum
704 3952 894 4007 lassitudinem
910 3969 1064 4006 excusarem
1079 3953 1138 4005 cdd.
1178 3952 1208 4005 11
1227 3952 1315 4005 uoluit

169 4044 194 4098 U
250 4043 274 4097 ei
293 4042 353 4097 cdd.
393 4044 426 4097 12
446 4058 532 4112 eaque
552 4043 591 4097 sic
610 4060 668 4097 esse
688 4042 714 4096 U
750 4043 782 4094 15
803 4042 944 4095 diuisinrns
968 4040 994 4094 V
1009 4046 1089 4109 (corr.
1108 4040 1270 4107 dimisimus)
1292 4040 1319 4095 U

167 4136 200 4189 16
220 4133 277 4203 peti
296 4134 417 4203 cepimus
436 4132 504 4203 (peti
524 4148 571 4202 cep
592 4150 624 4186 nr.
645 4136 665 4185 2
682 4132 714 4185 in
730 4134 798 4198 ras.)
822 4130 848 4184 V
864 4131 957 4201 petim'
978 4132 1022 4196 (m'
1043 4131 1107 4196 del.)
1126 4129 1186 4199 cepi
1204 4132 1249 4198 (m.
1270 4130 1316 4184 2?

164 4238 235 4277 corr.
256 4221 388 4290 cepimus)
411 4220 437 4273 U
505 4220 570 4290 non]
590 4225 622 4274 ut
644 4220 670 4273 U
751 4220 784 4272 17
802 4220 942 4285 honestos,
961 4236 995 4271 m.
1015 4223 1030 4271 1
1051 4234 1120 4273 corr.
1139 4218 1268 4273 honestos
1293 4218 1320 4271 T

167 4311 199 4364 18
220 4308 294 4380 cepit
314 4307 341 4361 T
428 4309 544 4363 melania
562 4310 618 4377 (lau
637 4306 1079 4376 m.2lnrac.)Vmena1iaU
1168 4308 1200 4361 19
1220 4310 1315 4377 qnare]

166 4398 245 4469 quasi
269 4396 297 4450 U
367 4398 444 4467 qnasi
463 4395 565 4451 ormU
617 4398 650 4449 22
671 4396 815 4465 quicquam
834 4400 866 4449 ut
885 4396 1062 4449 scriberemus
1084 4394 1110 4448 Υ
1162 4396 1195 4448 27
1214 4396 1268 4449 hiis
1292 4397 1318 4451 V
