3092 4959
278 433 343 495 222
636 430 662 484 S.
690 429 827 484 Aureli
856 429 1074 499 Augustini

277 643 379 705 eoque
403 624 515 688 timore
540 628 627 689 casto
651 623 813 688 inhaereat
840 623 909 701 deo,
933 623 987 706 qui
1016 643 1086 689 eam
1110 645 1128 690 a
1150 626 1278 708 propria
1304 627 1414 691 inmun·

280 730 367 806 ditia,
396 751 459 813 qua
485 731 659 796 inordinate
686 731 767 795 bona
799 729 947 795 inferiora
978 731 1097 807 dilexit,
1124 733 1263 797 uoluta
1290 733 1414 814 quadam

279 838 415 920 spiritali
430 837 634 902 fornicatione
647 837 831 914 mandauit;
850 856 908 902 nee
922 837 1069 902 humanis
1084 837 1232 903 laudibus
1246 839 1413 905 extollatur.

279 963 317 1008 ue
346 945 389 1007 sit
416 944 447 1008 in
476 943 654 1028 uirginibus
683 945 792 1008 stultis
822 944 925 1008 aliene
954 944 1048 1010 laude
1075 945 1268 1011 metantibus
1295 946 1414 1011 —hoe

278 1050 360 1114 enim
390 1049 428 1114 de
457 1051 696 1132 quaestionibus
724 1051 791 1116 tuis
822 1053 923 1116 restat
954 1054 1127 1116 extremum
1160 1089 1203 1098 ——
1235 1056 1269 1116 et
1299 1055 1447 1135 propters

279 1157 380 1237 ipsam
409 1157 534 1221 inanem
566 1157 704 1234 leudam,
728 1177 791 1222 non
821 1160 951 1241 propter
982 1158 1209 1224 conscientiam
1242 1177 1345 1236 suam,
1369 1157 1416 1222 ubi

278 1264 344 1327 illis
373 1265 466 1328 testis
495 1269 545 1329 est
573 1263 662 1340 deus,
686 1264 769 1328 bona
796 1265 1011 1346 operantibus,
1036 1265 1092 1330 sed
1120 1265 1218 1330 sitin
1247 1265 1415 1350 uirginibus

280 1370 487 1453 sapientibus,
524 1371 579 1435 ubi
617 1371 712 1446 dieat,
750 1371 835 1454 quod
872 1373 1038 1454 apostolus
1074 1372 1134 1436 ait:
1176 1371 1266 1436 Nam
1304 1373 1416 1455 gloria

279 1480 408 1542 nostra
439 1477 530 1542 baec
564 1481 631 1554 est,
664 1479 928 1542 testimonium
961 1478 1224 1543 eonscientiae
1260 1484 1414 1544 nostrae.

278 1583 338 1647 hoc
366 1589 417 1648 est
443 1585 527 1648 enim
556 1584 662 1649 oleum
690 1585 769 1648 ferre
798 1603 918 1661 seeum,
942 1605 1004 1650 non
1027 1605 1046 1649 a
1070 1585 1280 1650 uendeutibus
1310 1603 1449 1661 emeres

278 1688 337 1753 hoo
357 1693 407 1754 est
425 1690 642 1766 adulantibus3
663 1689 843 1755 adulatores
862 1709 997 1773 namquo
1015 1691 1144 1756 laudem
1158 1710 1250 1756 suam
1263 1697 1416 1774 tamquam

279 1799 383 1862 oleum
422 1796 585 1861 uenditent
622 1797 741 1864 stultis.
780 1798 819 1861 de
856 1798 916 1863 boo
958 1799 1026 1863 oleo
1065 1798 1182 1863 dicitur
1216 1799 1248 1862 in
1284 1800 1415 1880 psalmo:
1532 1838 1533 1855 r

278 1903 501 1968 Emendabit
529 1924 583 1968 me
611 1905 739 1969 iustus
767 1905 804 1968 in
837 1904 1101 1969 misericordia
1128 1908 1165 1970 et
1192 1910 1327 1988 arguet
1356 1923 1415 1975 me.

279 2011 401 2076 oleum
426 2016 548 2075 autem
573 2012 788 2092 peccatoris
812 2031 882 2076 non
901 2011 1143 2096 inpinguabit
1162 2015 1276 2094 eaput
1294 2030 1416 2076 meum.

278 2117 376 2200 elegit
408 2135 426 2181 a
461 2118 546 2182 iusto
584 2117 832 2182 misericorditer
866 2118 1053 2201 reprebendi
1088 2121 1120 2182 et
1157 2119 1294 2201 quodam
1330 2116 1450 2183 modos

278 2225 476 2307 colaphizari,
501 2245 606 2307 quam,
626 2228 663 2288 ut
682 2225 711 2288 ei
730 2229 827 2307 ceput
844 2225 876 2287 in
900 2224 1081 2307 superbiam
1100 2229 1230 2304 creseat,
1249 2223 1416 2308 peccatoris

277 2331 457 2396 adulatione
480 2332 613 2396 laudari.

212 2433 252 2496 75
322 2437 527 2502 Inridentium
566 2439 682 2521 quippe
720 2438 883 2520 responsio
921 2437 1000 2502 mihi
1038 2437 1175 2516 uidetur,
1212 2457 1285 2502 eum
1323 2437 1366 2502 eis
1401 2455 1417 2500 a

277 2543 474 2626 sapientibus
493 2545 674 2629 uirginibus
699 2545 832 2610 dicitur:
855 2545 912 2609 Ite
936 2545 1065 2627 potius
1089 2544 1132 2609 ad
1156 2544 1361 2609 uendentes
1383 2546 1416 2607 et

278 2649 390 2713 emite
413 2651 535 2728 uobis,
561 2651 646 2716 sieut
668 2652 699 2715 in
724 2651 860 2733 quodam
885 2651 963 2715 libro
989 2651 1163 2732 sapientiae
1185 2650 1339 2732 scriptum
1360 2655 1416 2725 est,
1430 2671 1451 2709 s

275 2757 331 2820 ubi
373 2757 643 2840 contemptoribus
686 2757 777 2822 dicit:
823 2759 869 2822 Et
911 2777 978 2842 ego
1024 2761 1175 2823 uestrae
1217 2757 1416 2838 perditioni

276 2865 532 2946 superridebo.
563 2865 621 2928 illa
653 2869 759 2930 autem
792 2867 966 2949 responsio,
999 2885 1062 2948 qua
1097 2865 1281 2948 petentibus
1317 2864 1415 2928 oleum

277 2971 398 3035 dictum
423 2975 486 3035 est:
510 2972 562 3036 Ne
586 2973 684 3037 forte
708 2990 778 3036 non
803 2972 978 3037 sufficiat
1000 2972 1120 3050 nobis,
1138 2991 1200 3035 non
1219 2971 1415 3054 desperanter

368 3163 562 3229 lPs.18‚10
634 3161 941 3226 euastn.25,1-13
1014 3162 1079 3218 811
1096 3161 1157 3218 Cor.
1180 3163 1203 3224 1.
1224 3163 1258 3216 12
1325 3162 1356 3216 13
1373 3159 1414 3214 Pa.

279 3250 336 3313 140,
357 3253 373 3304 5
430 3251 474 3314 193
496 3253 530 3304 23
549 3251 647 3305 matth.
667 3253 710 3319 25,
730 3253 746 3306 9
801 3254 833 3305 21
854 3252 933 3307 Prou.
955 3253 979 3314 1,
999 3252 1033 3304 26

311 3359 327 3410 3
346 3355 525 3411 fornicatione
544 3358 661 3426 spiritali
675 3358 735 3414 edd.
790 3358 865 3413 neR
900 3360 986 3412 dnae
1005 3358 1064 3411 edd.
1079 3363 1233 3426 praetem
1269 3351 1413 3422 blandem]

276 3443 390 3513 gloriam
413 3443 466 3497 OT
514 3446 600 3514 ieet]
621 3445 704 3499 sitG
749 3447 826 3500 8ait
844 3447 983 3517 apostolus
1002 3447 1029 3501 R
1048 3446 1108 3501 edd.
1156 3447 1188 3500 10
1208 3446 1281 3499 eninr
1300 3449 1342 3498 est
1358 3441 1411 3496 edd.

311 3537 432 3595 estem,
451 3550 485 3586 m.
506 3539 520 3585 1
539 3533 603 3587 add.
623 3535 655 3588 N
744 3535 815 3588 enim
834 3553 885 3589 om.
908 3536 934 3589 G
1029 3535 1210 3590 condentibus
1229 3534 1293 3604 (oen
1312 3547 1412 3587 error.

276 3629 300 3675 ei
319 3638 387 3676 corr.
407 3639 441 3677 m.
462 3625 491 3688 2)
514 3622 539 3674 Τ
589 3624 619 3677 11
641 3624 674 3678 ab
694 3623 869 3678 adulantibus
888 3625 948 3678 edd.
1003 3624 1113 3678 laudem
1131 3639 1217 3688 suam,
1236 3641 1270 3676 m.
1290 3621 1413 3677 2landes

275 3728 337 3764 suas
355 3709 388 3764 N
423 3712 455 3764 12
474 3711 598 3765 uendunt
616 3715 676 3780 (unt
693 3729 728 3766 m.
748 3717 767 3767 2
785 3714 817 3766 in
834 3731 892 3767 ras.
910 3729 969 3768 non
987 3714 1108 3782 amplius
1127 3716 1146 3767 3
1165 3713 1193 3780 t)
1215 3712 1239 3768 0
1280 3714 1314 3767 13
1333 3726 1412 3766 emen·

275 3799 352 3853 deuii
370 3798 541 3853 Loer'aa
614 3801 703 3870 arguit
721 3799 861 3856 LORGT
879 3819 919 3856 ae
989 3804 1022 3856 14
1041 3799 1412 3873 inpingnanitLOTinpin·

275 3892 341 3956 guet
361 3887 420 3942 GN
437 3905 478 3942 aa
495 3905 545 3944 see.
570 3889 646 3958 Vulp.
739 3891 771 3944 15
791 3907 807 3943 s
825 3892 898 3944 iusto
921 3889 1091 3960 reprehendi,
1109 3907 1144 3946 ra.
1165 3893 1185 3944 2
1207 3891 1297 3958 magis
1316 3907 1332 3943 a
1348 3889 1411 3941 iusto

274 3975 483 4028 misericorditer
501 3977 661 4045 reprebendi
683 3977 709 4032 G
777 3981 809 4032 16
829 3984 912 4049 eaput
930 3985 955 4033 ei
977 3980 1002 4032 T
1072 3981 1222 4033 crassescet
1239 3979 1312 4033 coni.
1330 3977 1410 4032 Erer-

272 4081 340 4123 mus,
354 4064 402 4118 sed
416 4066 451 4132 cf.
466 4083 506 4134 ep.
522 4066 668 4120 XXXIII
675 4083 702 4135 p.
719 4071 767 4131 20,
785 4073 805 4122 8
860 4069 892 4122 18
907 4069 946 4121 eie
961 4085 1012 4125 om.
1030 4067 1057 4122 G
1110 4069 1143 4120 21
1159 4067 1326 4137 perdicionis
1338 4065 1411 4134 (eie-¹)

273 4159 380 4206 uestrae
409 4154 583 4223 superridebo
612 4155 636 4207 Τ
662 4157 837 4226 superridebo
863 4157 1062 4226 praedicationi
1090 4163 1196 4210 uestrae
1223 4155 1248 4210 0
1274 4152 1411 4226 perditioni

273 4245 381 4294 uestrae
400 4242 574 4311 superridebo
594 4244 654 4297 edd.
710 4245 744 4297 22
764 4247 939 4314 responsione
958 4245 1019 4301 edd.
1074 4245 1108 4298 23
1127 4244 1228 4298 dieitur
1241 4243 1298 4298 GT
1366 4257 1412 4296 non

274 4329 392 4382 sufficiat
411 4347 461 4384 ora.
485 4331 509 4384 Τ
580 4332 659 4386 nobis
679 4337 706 4386 et
724 4331 804 4387 uobis
822 4351 877 4388 non
898 4333 953 4388 GT
969 4351 996 4386 m
1013 4349 1063 4388 see.
1082 4349 1153 4388 acer.
1174 4333 1227 4387 tiro.
