<?xml version="1.0" encoding="UTF-8"?>
<!DOCTYPE html PUBLIC "-//W3C//DTD XHTML 1.0 Transitional//EN"
    "http://www.w3.org/TR/xhtml1/DTD/xhtml1-transitional.dtd">
<html xmlns="http://www.w3.org/1999/xhtml" xml:lang="en" lang="en">
 <head>
  <title>
</title>
<meta http-equiv="Content-Type" content="text/html;charset=utf-8" />
  <meta name='ocr-system' content='tesseract 3.04.00' />
  <meta name='ocr-capabilities' content='ocr_page ocr_carea ocr_par ocr_line ocrx_word'/>
</head>
<body>
  <div class='ocr_page' id='page_1' title='image "./corpusscriptoru05wissgoog_0153.png"; bbox 0 0 3092 4959; ppageno 0'>
   <div class='ocr_carea' id='block_1_1' title="bbox 484 378 1380 453">
    <p class='ocr_par' dir='ltr' id='par_1_1' title="bbox 484 378 1380 453">
     <span class='ocr_line' id='line_1_1' title="bbox 484 378 1380 453; baseline 0.028 -22"><span class='ocrx_word' id='word_1_1' title='bbox 484 378 750 449; x_wconf 75' lang='lat' dir='ltr'><strong>epistularum</strong></span> <span class='ocrx_word' id='word_1_2' title='bbox 779 379 950 436; x_wconf 83' lang='lat' dir='ltr'>CXXXVIII.</span> <span class='ocrx_word' id='word_1_3' title='bbox 1228 389 1288 453; x_wconf 86' lang='lat'>131</span> <span class='ocrx_word' id='word_1_4' title='bbox 1377 391 1380 396; x_wconf 43' lang='lat'><strong>¹</strong></span> 
     </span>
    </p>
   </div>
   <div class='ocr_carea' id='block_1_2' title="bbox 74 570 1293 2468">
    <p class='ocr_par' dir='ltr' id='par_1_2' title="bbox 74 570 1293 2468">
     <span class='ocr_line' id='line_1_2' title="bbox 139 570 1291 663; baseline 0.009 -27"><span class='ocrx_word' id='word_1_5' title='bbox 139 589 216 655; x_wconf 90' lang='lat' dir='ltr'>pore</span> <span class='ocrx_word' id='word_1_6' title='bbox 245 570 366 636; x_wconf 88' lang='lat' dir='ltr'>dictum</span> <span class='ocrx_word' id='word_1_7' title='bbox 393 576 453 652; x_wconf 88' lang='lat' dir='ltr'>est,</span> <span class='ocrx_word' id='word_1_8' title='bbox 478 592 540 656; x_wconf 86' lang='lat' dir='ltr'>quo</span> <span class='ocrx_word' id='word_1_9' title='bbox 568 575 672 640; x_wconf 87' lang='lat' dir='ltr'>adhue</span> <span class='ocrx_word' id='word_1_10' title='bbox 698 575 755 639; x_wconf 89' lang='lat' dir='ltr'>illa</span> <span class='ocrx_word' id='word_1_11' title='bbox 784 576 995 642; x_wconf 84' lang='lat' dir='ltr'>offerebantur</span> <span class='ocrx_word' id='word_1_12' title='bbox 1022 577 1184 656; x_wconf 87' lang='lat' dir='ltr'>sacrificia,</span> <span class='ocrx_word' id='word_1_13' title='bbox 1210 600 1291 663; x_wconf 88' lang='lat' dir='ltr'>quae</span> 
     </span>
     <span class='ocr_line' id='line_1_3' title="bbox 140 679 1289 762; baseline 0.008 -19"><span class='ocrx_word' id='word_1_14' title='bbox 140 679 202 744; x_wconf 91' lang='lat' dir='ltr'>hoc</span> <span class='ocrx_word' id='word_1_15' title='bbox 220 682 363 762; x_wconf 91' lang='lat' dir='ltr'>tempore</span> <span class='ocrx_word' id='word_1_16' title='bbox 381 699 443 745; x_wconf 94' lang='lat' dir='ltr'>non</span> <span class='ocrx_word' id='word_1_17' title='bbox 462 682 651 748; x_wconf 82' lang='lat' dir='ltr'>offeruntur:</span> <span class='ocrx_word' id='word_1_18' title='bbox 676 682 761 747; x_wconf 88' lang='lat' dir='ltr'><strong>Dixi</strong></span> <span class='ocrx_word' id='word_1_19' title='bbox 781 682 945 748; x_wconf 91' lang='lat' dir='ltr'>domiuo:</span> <span class='ocrx_word' id='word_1_20' title='bbox 970 684 1160 750; x_wconf 86' lang='lat' dir='ltr'>‘Dominus</span> <span class='ocrx_word' id='word_1_21' title='bbox 1185 706 1289 752; x_wconf 90' lang='lat' dir='ltr'>meus</span> 
     </span>
     <span class='ocr_line' id='line_1_4' title="bbox 143 787 1291 877; baseline 0.007 -27"><span class='ocrx_word' id='word_1_22' title='bbox 143 805 181 851; x_wconf 89' lang='lat' dir='ltr'>es</span> <span class='ocrx_word' id='word_1_23' title='bbox 205 788 257 861; x_wconf 85' lang='lat' dir='ltr'>tu,</span> <span class='ocrx_word' id='word_1_24' title='bbox 282 787 456 868; x_wconf 85' lang='lat' dir='ltr'>quoniam</span> <span class='ocrx_word' id='word_1_25' title='bbox 479 789 660 855; x_wconf 90' lang='lat' dir='ltr'>bonorum</span> <span class='ocrx_word' id='word_1_26' title='bbox 679 809 843 856; x_wconf 88' lang='lat' dir='ltr'>meorum</span> <span class='ocrx_word' id='word_1_27' title='bbox 863 810 933 856; x_wconf 93' lang='lat' dir='ltr'>non</span> <span class='ocrx_word' id='word_1_28' title='bbox 953 799 1063 877; x_wconf 86' lang='lat' dir='ltr'>eges’.</span> <span class='ocrx_word' id='word_1_29' title='bbox 1087 811 1144 857; x_wconf 88' lang='lat' dir='ltr'>nec</span> <span class='ocrx_word' id='word_1_30' title='bbox 1161 793 1291 859; x_wconf 90' lang='lat' dir='ltr'>illorum</span> 
     </span>
     <span class='ocr_line' id='line_1_5' title="bbox 142 893 1291 982; baseline 0.004 -24"><span class='ocrx_word' id='word_1_31' title='bbox 142 913 218 978; x_wconf 89' lang='lat' dir='ltr'>ergo</span> <span class='ocrx_word' id='word_1_32' title='bbox 241 893 469 962; x_wconf 87' lang='lat' dir='ltr'>sacrificiorum</span> <span class='ocrx_word' id='word_1_33' title='bbox 492 895 607 981; x_wconf 80' lang='lat' dir='ltr'>egebat</span> <span class='ocrx_word' id='word_1_34' title='bbox 629 896 708 962; x_wconf 89' lang='lat' dir='ltr'>deus</span> <span class='ocrx_word' id='word_1_35' title='bbox 736 915 794 962; x_wconf 89' lang='lat' dir='ltr'>nec</span> <span class='ocrx_word' id='word_1_36' title='bbox 817 899 1007 980; x_wconf 85' lang='lat' dir='ltr'>cuiusquam</span> <span class='ocrx_word' id='word_1_37' title='bbox 1032 903 1106 982; x_wconf 86' lang='lat' dir='ltr'>eget</span> <span class='ocrx_word' id='word_1_38' title='bbox 1128 918 1291 981; x_wconf 89' lang='lat' dir='ltr'>umquam,</span> 
     </span>
     <span class='ocr_line' id='line_1_6' title="bbox 109 1000 1292 1087; baseline 0.005 -23"><span class='ocrx_word' id='word_1_39' title='bbox 109 1000 200 1066; x_wconf 80' lang='lat' dir='ltr'>used</span> <span class='ocrx_word' id='word_1_40' title='bbox 229 1018 335 1065; x_wconf 90' lang='lat' dir='ltr'>rerum</span> <span class='ocrx_word' id='word_1_41' title='bbox 372 1001 526 1067; x_wconf 87' lang='lat' dir='ltr'>diuinitus</span> <span class='ocrx_word' id='word_1_42' title='bbox 563 1004 795 1087; x_wconf 84' lang='lat' dir='ltr'>impertiturum</span> <span class='ocrx_word' id='word_1_43' title='bbox 833 1006 884 1068; x_wconf 92' lang='lat' dir='ltr'>uel</span> <span class='ocrx_word' id='word_1_44' title='bbox 922 1005 1079 1070; x_wconf 80' lang='lat' dir='ltr'>inbuenda</span> <span class='ocrx_word' id='word_1_45' title='bbox 1117 1005 1292 1071; x_wconf 84' lang='lat' dir='ltr'>uirtutibus</span> 
     </span>
     <span class='ocr_line' id='line_1_7' title="bbox 142 1107 1292 1198; baseline 0.005 -26"><span class='ocrx_word' id='word_1_46' title='bbox 142 1108 248 1172; x_wconf 89' lang='lat' dir='ltr'>auimo</span> <span class='ocrx_word' id='word_1_47' title='bbox 275 1107 328 1172; x_wconf 91' lang='lat' dir='ltr'>uel</span> <span class='ocrx_word' id='word_1_48' title='bbox 356 1113 500 1174; x_wconf 83' lang='lat' dir='ltr'>aeternae</span> <span class='ocrx_word' id='word_1_49' title='bbox 527 1110 624 1175; x_wconf 89' lang='lat' dir='ltr'>saluti</span> <span class='ocrx_word' id='word_1_50' title='bbox 653 1110 873 1193; x_wconf 78' lang='lat' dir='ltr'>adipiscendae</span> <span class='ocrx_word' id='word_1_51' title='bbox 902 1112 1055 1194; x_wconf 86' lang='lat' dir='ltr'>quaedem</span> <span class='ocrx_word' id='word_1_52' title='bbox 1085 1113 1175 1198; x_wconf 86' lang='lat' dir='ltr'>signa</span> <span class='ocrx_word' id='word_1_53' title='bbox 1207 1119 1292 1192; x_wconf 91' lang='lat' dir='ltr'>sunt,</span> 
     </span>
     <span class='ocr_line' id='line_1_8' title="bbox 143 1214 1293 1299; baseline 0.005 -20"><span class='ocrx_word' id='word_1_54' title='bbox 143 1233 279 1298; x_wconf 88' lang='lat' dir='ltr'>quorum</span> <span class='ocrx_word' id='word_1_55' title='bbox 302 1214 513 1282; x_wconf 81' lang='lat' dir='ltr'>celebratione</span> <span class='ocrx_word' id='word_1_56' title='bbox 535 1221 632 1299; x_wconf 89' lang='lat' dir='ltr'>atque</span> <span class='ocrx_word' id='word_1_57' title='bbox 654 1217 816 1283; x_wconf 84' lang='lat' dir='ltr'>iunctione</span> <span class='ocrx_word' id='word_1_58' title='bbox 839 1238 900 1283; x_wconf 94' lang='lat' dir='ltr'>nou</span> <span class='ocrx_word' id='word_1_59' title='bbox 925 1219 982 1284; x_wconf 88' lang='lat' dir='ltr'>deo</span> <span class='ocrx_word' id='word_1_60' title='bbox 1007 1220 1062 1284; x_wconf 92' lang='lat' dir='ltr'>sed</span> <span class='ocrx_word' id='word_1_61' title='bbox 1085 1222 1175 1285; x_wconf 94' lang='lat' dir='ltr'>nobis</span> <span class='ocrx_word' id='word_1_62' title='bbox 1200 1221 1293 1286; x_wconf 89' lang='lat' dir='ltr'>utilia</span> 
     </span>
     <span class='ocr_line' id='line_1_9' title="bbox 141 1323 605 1403; baseline 0.009 -18"><span class='ocrx_word' id='word_1_63' title='bbox 141 1323 273 1403; x_wconf 88' lang='lat' dir='ltr'>pietatis</span> <span class='ocrx_word' id='word_1_64' title='bbox 292 1325 474 1388; x_wconf 81' lang='lat' dir='ltr'>exercentur</span> <span class='ocrx_word' id='word_1_65' title='bbox 493 1323 605 1390; x_wconf 84' lang='lat' dir='ltr'>officia.</span> 
     </span>
     <span class='ocr_line' id='line_1_10' title="bbox 74 1423 1291 1514; baseline 0.009 -25"><span class='ocrx_word' id='word_1_66' title='bbox 74 1423 93 1486; x_wconf 83' lang='grc'><strong>7</strong></span> <span class='ocrx_word' id='word_1_67' title='bbox 188 1427 293 1493; x_wconf 87' lang='lat' dir='ltr'>Nimis</span> <span class='ocrx_word' id='word_1_68' title='bbox 312 1432 418 1494; x_wconf 92' lang='lat' dir='ltr'>autem</span> <span class='ocrx_word' id='word_1_69' title='bbox 436 1430 568 1514; x_wconf 84' lang='lat' dir='ltr'>longum</span> <span class='ocrx_word' id='word_1_70' title='bbox 588 1433 638 1495; x_wconf 89' lang='lat' dir='ltr'>est</span> <span class='ocrx_word' id='word_1_71' title='bbox 656 1431 880 1497; x_wconf 85' lang='lat' dir='ltr'>conuenienter</span> <span class='ocrx_word' id='word_1_72' title='bbox 899 1433 1060 1514; x_wconf 90' lang='lat' dir='ltr'>disputare</span> <span class='ocrx_word' id='word_1_73' title='bbox 1080 1433 1118 1497; x_wconf 91' lang='lat' dir='ltr'>de</span> <span class='ocrx_word' id='word_1_74' title='bbox 1138 1433 1291 1500; x_wconf 81' lang='lat' dir='ltr'>irarietute</span> 
     </span>
     <span class='ocr_line' id='line_1_11' title="bbox 96 1535 1293 1622; baseline 0.006 -24"><span class='ocrx_word' id='word_1_75' title='bbox 96 1558 124 1598; x_wconf 82' lang='grc' dir='ltr'>ιο</span> <span class='ocrx_word' id='word_1_76' title='bbox 143 1535 316 1618; x_wconf 87' lang='lat' dir='ltr'>signorum,</span> <span class='ocrx_word' id='word_1_77' title='bbox 347 1555 427 1618; x_wconf 85' lang='lat' dir='ltr'>quae</span> <span class='ocrx_word' id='word_1_78' title='bbox 465 1554 536 1600; x_wconf 94' lang='lat' dir='ltr'>cum</span> <span class='ocrx_word' id='word_1_79' title='bbox 574 1537 613 1601; x_wconf 91' lang='lat' dir='ltr'>ad</span> <span class='ocrx_word' id='word_1_80' title='bbox 650 1555 700 1601; x_wconf 91' lang='lat' dir='ltr'>res</span> <span class='ocrx_word' id='word_1_81' title='bbox 738 1537 863 1602; x_wconf 85' lang='lat' dir='ltr'>diuinas</span> <span class='ocrx_word' id='word_1_82' title='bbox 895 1539 1063 1622; x_wconf 87' lang='lat' dir='ltr'>pertinent,</span> <span class='ocrx_word' id='word_1_83' title='bbox 1097 1545 1293 1606; x_wconf 88' lang='lat' dir='ltr'>sacramenta</span> 
     </span>
     <span class='ocr_line' id='line_1_12' title="bbox 143 1642 1292 1734; baseline 0.005 -28"><span class='ocrx_word' id='word_1_84' title='bbox 143 1642 351 1724; x_wconf 87' lang='lat' dir='ltr'>appellantur.</span> <span class='ocrx_word' id='word_1_85' title='bbox 361 1643 561 1708; x_wconf 84' lang='lat' dir='ltr'>eiectantem</span> <span class='ocrx_word' id='word_1_86' title='bbox 575 1662 636 1708; x_wconf 92' lang='lat' dir='ltr'>non</span> <span class='ocrx_word' id='word_1_87' title='bbox 649 1644 720 1710; x_wconf 93' lang='lat' dir='ltr'>ideo</span> <span class='ocrx_word' id='word_1_88' title='bbox 735 1645 901 1734; x_wconf 81' lang='lat' dir='ltr'>mutabilis</span> <span class='ocrx_word' id='word_1_89' title='bbox 918 1645 1005 1726; x_wconf 91' lang='lat' dir='ltr'>deus,</span> <span class='ocrx_word' id='word_1_90' title='bbox 1021 1647 1094 1729; x_wconf 90' lang='lat' dir='ltr'>quia</span> <span class='ocrx_word' id='word_1_91' title='bbox 1105 1667 1195 1712; x_wconf 88' lang='lat' dir='ltr'>mane</span> <span class='ocrx_word' id='word_1_92' title='bbox 1206 1647 1292 1712; x_wconf 90' lang='lat' dir='ltr'>aliud</span> 
     </span>
     <span class='ocr_line' id='line_1_13' title="bbox 144 1747 1291 1830; baseline 0.005 -18"><span class='ocrx_word' id='word_1_93' title='bbox 144 1747 232 1812; x_wconf 87' lang='lat' dir='ltr'>alind</span> <span class='ocrx_word' id='word_1_94' title='bbox 255 1767 398 1830; x_wconf 90' lang='lat' dir='ltr'>uespere,</span> <span class='ocrx_word' id='word_1_95' title='bbox 420 1749 502 1814; x_wconf 91' lang='lat' dir='ltr'>illud</span> <span class='ocrx_word' id='word_1_96' title='bbox 525 1751 585 1816; x_wconf 92' lang='lat' dir='ltr'>hoc</span> <span class='ocrx_word' id='word_1_97' title='bbox 609 1770 718 1816; x_wconf 91' lang='lat' dir='ltr'>mense</span> <span class='ocrx_word' id='word_1_98' title='bbox 740 1752 823 1817; x_wconf 89' lang='lat' dir='ltr'>illud</span> <span class='ocrx_word' id='word_1_99' title='bbox 847 1752 918 1830; x_wconf 91' lang='lat' dir='ltr'>alio,</span> <span class='ocrx_word' id='word_1_100' title='bbox 943 1771 1004 1816; x_wconf 91' lang='lat' dir='ltr'>non</span> <span class='ocrx_word' id='word_1_101' title='bbox 1033 1753 1093 1816; x_wconf 90' lang='lat' dir='ltr'>hoc</span> <span class='ocrx_word' id='word_1_102' title='bbox 1120 1753 1181 1818; x_wconf 90' lang='lat' dir='ltr'>isto</span> <span class='ocrx_word' id='word_1_103' title='bbox 1212 1773 1291 1818; x_wconf 87' lang='lat' dir='ltr'>anuo</span> 
     </span>
     <span class='ocr_line' id='line_1_14' title="bbox 145 1854 1292 1940; baseline 0.005 -21"><span class='ocrx_word' id='word_1_104' title='bbox 145 1854 229 1936; x_wconf 89' lang='lat' dir='ltr'>quod</span> <span class='ocrx_word' id='word_1_105' title='bbox 251 1855 319 1930; x_wconf 89' lang='lat' dir='ltr'>illo,</span> <span class='ocrx_word' id='word_1_106' title='bbox 341 1855 388 1920; x_wconf 87' lang='lat' dir='ltr'>ite</span> <span class='ocrx_word' id='word_1_107' title='bbox 410 1875 471 1920; x_wconf 94' lang='lat' dir='ltr'>non</span> <span class='ocrx_word' id='word_1_108' title='bbox 494 1857 566 1922; x_wconf 89' lang='lat' dir='ltr'>ideo</span> <span class='ocrx_word' id='word_1_109' title='bbox 593 1857 759 1923; x_wconf 90' lang='lat' dir='ltr'>mutabilis</span> <span class='ocrx_word' id='word_1_110' title='bbox 789 1859 877 1933; x_wconf 89' lang='lat' dir='ltr'>deus,</span> <span class='ocrx_word' id='word_1_111' title='bbox 902 1859 976 1940; x_wconf 90' lang='lat' dir='ltr'>quia</span> <span class='ocrx_word' id='word_1_112' title='bbox 1003 1859 1143 1924; x_wconf 90' lang='lat' dir='ltr'>uniuersi</span> <span class='ocrx_word' id='word_1_113' title='bbox 1172 1861 1292 1925; x_wconf 90' lang='lat' dir='ltr'>saeculi</span> 
     </span>
     <span class='ocr_line' id='line_1_15' title="bbox 144 1961 1292 2049; baseline 0.006 -24"><span class='ocrx_word' id='word_1_114' title='bbox 144 1961 248 2043; x_wconf 86' lang='lat' dir='ltr'>priore</span> <span class='ocrx_word' id='word_1_115' title='bbox 269 1962 434 2028; x_wconf 86' lang='lat' dir='ltr'>uolumine</span> <span class='ocrx_word' id='word_1_116' title='bbox 457 1963 543 2027; x_wconf 89' lang='lat' dir='ltr'>aliud</span> <span class='ocrx_word' id='word_1_117' title='bbox 567 1965 654 2029; x_wconf 89' lang='lat' dir='ltr'>aliud</span> <span class='ocrx_word' id='word_1_118' title='bbox 676 1967 851 2048; x_wconf 88' lang='lat' dir='ltr'>posteriore</span> <span class='ocrx_word' id='word_1_119' title='bbox 879 1966 940 2030; x_wconf 89' lang='lat' dir='ltr'>sibi</span> <span class='ocrx_word' id='word_1_120' title='bbox 967 1966 1065 2031; x_wconf 92' lang='lat' dir='ltr'>iussit</span> <span class='ocrx_word' id='word_1_121' title='bbox 1092 1965 1205 2045; x_wconf 86' lang='lat' dir='ltr'>offerri,</span> <span class='ocrx_word' id='word_1_122' title='bbox 1230 1987 1292 2049; x_wconf 86' lang='lat' dir='ltr'>quo</span> 
     </span>
     <span class='ocr_line' id='line_1_16' title="bbox 95 2069 1292 2156; baseline 0.003 -22"><span class='ocrx_word' id='word_1_123' title='bbox 95 2093 125 2134; x_wconf 81' lang='lat' dir='ltr'>rs</span> <span class='ocrx_word' id='word_1_124' title='bbox 145 2069 369 2134; x_wconf 86' lang='lat' dir='ltr'>conuenienter</span> <span class='ocrx_word' id='word_1_125' title='bbox 378 2069 626 2154; x_wconf 82' lang='lat' dir='ltr'>significationes</span> <span class='ocrx_word' id='word_1_126' title='bbox 641 2072 680 2136; x_wconf 89' lang='lat' dir='ltr'>ad</span> <span class='ocrx_word' id='word_1_127' title='bbox 696 2073 868 2137; x_wconf 85' lang='lat' dir='ltr'>doctrinam</span> <span class='ocrx_word' id='word_1_128' title='bbox 879 2072 1042 2156; x_wconf 82' lang='lat' dir='ltr'>religionis</span> <span class='ocrx_word' id='word_1_129' title='bbox 1054 2071 1292 2137; x_wconf 87' lang='lat' dir='ltr'>saluberrimam</span> 
     </span>
     <span class='ocr_line' id='line_1_17' title="bbox 143 2177 1292 2261; baseline 0.001 -21"><span class='ocrx_word' id='word_1_130' title='bbox 143 2177 339 2259; x_wconf 87' lang='lat' dir='ltr'>pertinentes</span> <span class='ocrx_word' id='word_1_131' title='bbox 370 2196 427 2259; x_wconf 90' lang='lat' dir='ltr'>per</span> <span class='ocrx_word' id='word_1_132' title='bbox 458 2178 625 2243; x_wconf 89' lang='lat' dir='ltr'>mutabilia</span> <span class='ocrx_word' id='word_1_133' title='bbox 657 2182 802 2261; x_wconf 88' lang='lat' dir='ltr'>tempora</span> <span class='ocrx_word' id='word_1_134' title='bbox 835 2179 902 2244; x_wconf 89' lang='lat' dir='ltr'>sine</span> <span class='ocrx_word' id='word_1_135' title='bbox 934 2179 1001 2242; x_wconf 89' lang='lat' dir='ltr'>ulla</span> <span class='ocrx_word' id='word_1_136' title='bbox 1034 2180 1084 2242; x_wconf 91' lang='lat' dir='ltr'>sui</span> <span class='ocrx_word' id='word_1_137' title='bbox 1117 2179 1292 2243; x_wconf 86' lang='lat' dir='ltr'>mutatione</span> 
     </span>
     <span class='ocr_line' id='line_1_18' title="bbox 144 2282 1293 2365; baseline 0.004 -21"><span class='ocrx_word' id='word_1_138' title='bbox 144 2282 336 2364; x_wconf 89' lang='lat' dir='ltr'>disponeret.</span> <span class='ocrx_word' id='word_1_139' title='bbox 354 2303 427 2347; x_wconf 91' lang='lat' dir='ltr'>nam</span> <span class='ocrx_word' id='word_1_140' title='bbox 446 2287 484 2346; x_wconf 94' lang='lat' dir='ltr'>ut</span> <span class='ocrx_word' id='word_1_141' title='bbox 501 2283 657 2360; x_wconf 84' lang='lat' dir='ltr'>nouerint,</span> <span class='ocrx_word' id='word_1_142' title='bbox 677 2303 755 2365; x_wconf 89' lang='lat' dir='ltr'>quos</span> <span class='ocrx_word' id='word_1_143' title='bbox 775 2284 853 2348; x_wconf 88' lang='lat' dir='ltr'>haec</span> <span class='ocrx_word' id='word_1_144' title='bbox 872 2286 1012 2358; x_wconf 85' lang='lat' dir='ltr'>mouent,</span> <span class='ocrx_word' id='word_1_145' title='bbox 1031 2283 1094 2348; x_wconf 88' lang='lat' dir='ltr'>iem</span> <span class='ocrx_word' id='word_1_146' title='bbox 1114 2284 1173 2349; x_wconf 91' lang='lat' dir='ltr'>boc</span> <span class='ocrx_word' id='word_1_147' title='bbox 1192 2284 1293 2349; x_wconf 86' lang='lat' dir='ltr'>fuisse</span> 
     </span>
     <span class='ocr_line' id='line_1_19' title="bbox 143 2390 1293 2468; baseline 0.002 -15"><span class='ocrx_word' id='word_1_148' title='bbox 143 2390 176 2454; x_wconf 94' lang='lat' dir='ltr'>in</span> <span class='ocrx_word' id='word_1_149' title='bbox 204 2390 325 2454; x_wconf 88' lang='lat' dir='ltr'>ratione</span> <span class='ocrx_word' id='word_1_150' title='bbox 353 2390 462 2454; x_wconf 88' lang='lat' dir='ltr'>diuina</span> <span class='ocrx_word' id='word_1_151' title='bbox 488 2409 557 2468; x_wconf 91' lang='lat' dir='ltr'>nec,</span> <span class='ocrx_word' id='word_1_152' title='bbox 582 2409 654 2454; x_wconf 87' lang='lat' dir='ltr'>cunr</span> <span class='ocrx_word' id='word_1_153' title='bbox 681 2391 744 2454; x_wconf 89' lang='lat' dir='ltr'>ista</span> <span class='ocrx_word' id='word_1_154' title='bbox 770 2409 854 2455; x_wconf 91' lang='lat' dir='ltr'>noua</span> <span class='ocrx_word' id='word_1_155' title='bbox 883 2391 1160 2467; x_wconf 88' lang='lat' dir='ltr'>constituerentur,</span> <span class='ocrx_word' id='word_1_156' title='bbox 1186 2391 1293 2455; x_wconf 90' lang='lat' dir='ltr'>subito</span> 
     </span>
    </p>
   </div>
   <div class='ocr_carea' id='block_1_3' title="bbox 94 2496 1294 2687">
    <p class='ocr_par' dir='ltr' id='par_1_3' title="bbox 94 2496 1294 2687">
     <span class='ocr_line' id='line_1_20' title="bbox 143 2496 1293 2580; baseline 0.002 -21"><span class='ocrx_word' id='word_1_157' title='bbox 143 2496 250 2578; x_wconf 89' lang='lat' dir='ltr'>priora</span> <span class='ocrx_word' id='word_1_158' title='bbox 281 2496 485 2580; x_wconf 81' lang='lat' dir='ltr'>displicuisse</span> <span class='ocrx_word' id='word_1_159' title='bbox 518 2498 609 2561; x_wconf 90' lang='lat' dir='ltr'>uelut</span> <span class='ocrx_word' id='word_1_160' title='bbox 644 2497 791 2561; x_wconf 86' lang='lat' dir='ltr'>mutabili</span> <span class='ocrx_word' id='word_1_161' title='bbox 828 2497 1006 2574; x_wconf 87' lang='lat' dir='ltr'>uoluntate,</span> <span class='ocrx_word' id='word_1_162' title='bbox 1040 2497 1095 2562; x_wconf 90' lang='lat' dir='ltr'>sed</span> <span class='ocrx_word' id='word_1_163' title='bbox 1131 2497 1193 2562; x_wconf 90' lang='lat' dir='ltr'>iam</span> <span class='ocrx_word' id='word_1_164' title='bbox 1234 2499 1293 2561; x_wconf 91' lang='lat' dir='ltr'>hoc</span> 
     </span>
     <span class='ocr_line' id='line_1_21' title="bbox 94 2603 1294 2687; baseline 0 -20"><span class='ocrx_word' id='word_1_165' title='bbox 94 2625 124 2667; x_wconf 79' lang='lat' dir='ltr'>ro</span> <span class='ocrx_word' id='word_1_166' title='bbox 144 2603 244 2667; x_wconf 85' lang='lat' dir='ltr'>fixum</span> <span class='ocrx_word' id='word_1_167' title='bbox 262 2606 296 2668; x_wconf 91' lang='lat' dir='ltr'>et</span> <span class='ocrx_word' id='word_1_168' title='bbox 312 2606 470 2668; x_wconf 88' lang='lat' dir='ltr'>statutum</span> <span class='ocrx_word' id='word_1_169' title='bbox 489 2603 588 2668; x_wconf 85' lang='lat' dir='ltr'>luisse</span> <span class='ocrx_word' id='word_1_170' title='bbox 607 2604 639 2667; x_wconf 93' lang='lat' dir='ltr'>in</span> <span class='ocrx_word' id='word_1_171' title='bbox 657 2605 728 2687; x_wconf 91' lang='lat' dir='ltr'>ipsa</span> <span class='ocrx_word' id='word_1_172' title='bbox 747 2603 902 2687; x_wconf 89' lang='lat' dir='ltr'>sapientia</span> <span class='ocrx_word' id='word_1_173' title='bbox 921 2604 981 2684; x_wconf 90' lang='lat' dir='ltr'>dei,</span> <span class='ocrx_word' id='word_1_174' title='bbox 997 2605 1048 2669; x_wconf 90' lang='lat' dir='ltr'>eui</span> <span class='ocrx_word' id='word_1_175' title='bbox 1068 2604 1106 2668; x_wconf 91' lang='lat' dir='ltr'>de</span> <span class='ocrx_word' id='word_1_176' title='bbox 1122 2605 1294 2670; x_wconf 88' lang='lat' dir='ltr'>maioribus</span> 
     </span>
    </p>
   </div>
   <div class='ocr_carea' id='block_1_4' title="bbox 236 2829 415 2896">
    <p class='ocr_par' dir='ltr' id='par_1_4' title="bbox 236 2829 415 2896">
     <span class='ocr_line' id='line_1_22' title="bbox 236 2829 415 2896; baseline 0.011 -16"><span class='ocrx_word' id='word_1_177' title='bbox 236 2829 316 2882; x_wconf 73' lang='lat' dir='ltr'>ars.</span> <span class='ocrx_word' id='word_1_178' title='bbox 338 2831 379 2896; x_wconf 82' lang='lat' dir='ltr'>rs,</span> <span class='ocrx_word' id='word_1_179' title='bbox 398 2831 415 2882; x_wconf 84' lang='lat' dir='ltr'>a</span> 
     </span>
    </p>
   </div>
   <div class='ocr_carea' id='block_1_5' title="bbox 144 2950 1298 3733">
    <p class='ocr_par' dir='ltr' id='par_1_5' title="bbox 144 2950 1297 3291">
     <span class='ocr_line' id='line_1_23' title="bbox 184 2950 1296 3022; baseline 0.002 -18"><span class='ocrx_word' id='word_1_180' title='bbox 184 2953 197 3004; x_wconf 95' lang='lat'>1</span> <span class='ocrx_word' id='word_1_181' title='bbox 218 2950 321 3007; x_wconf 88' lang='lat' dir='ltr'>dictum</span> <span class='ocrx_word' id='word_1_182' title='bbox 341 2957 384 3006; x_wconf 86' lang='lat' dir='ltr'>est</span> <span class='ocrx_word' id='word_1_183' title='bbox 400 2959 461 3021; x_wconf 83' lang='lat' dir='ltr'>post</span> <span class='ocrx_word' id='word_1_184' title='bbox 479 2951 629 3007; x_wconf 74' lang='lat' dir='ltr'>offeruntur</span> <span class='ocrx_word' id='word_1_185' title='bbox 647 2953 749 3007; x_wconf 79' lang='lat' dir='ltr'>hubent</span> <span class='ocrx_word' id='word_1_186' title='bbox 767 2951 828 3007; x_wconf 85' lang='lat' dir='ltr'>edd.</span> <span class='ocrx_word' id='word_1_187' title='bbox 916 2953 978 3022; x_wconf 85' lang='lat' dir='ltr'>quo]</span> <span class='ocrx_word' id='word_1_188' title='bbox 1000 2952 1071 3022; x_wconf 89' lang='lat' dir='ltr'>quod</span> <span class='ocrx_word' id='word_1_189' title='bbox 1089 2951 1165 3005; x_wconf 86' lang='lat' dir='ltr'>DIP</span> <span class='ocrx_word' id='word_1_190' title='bbox 1184 2955 1251 3020; x_wconf 84' lang='lat' dir='ltr'>(ras.</span> <span class='ocrx_word' id='word_1_191' title='bbox 1271 2959 1296 3006; x_wconf 92' lang='lat' dir='ltr'>et</span> 
     </span>
     <span class='ocr_line' id='line_1_24' title="bbox 145 3040 1294 3113; baseline -0.002 -17"><span class='ocrx_word' id='word_1_192' title='bbox 145 3042 634 3113; x_wconf 70' lang='lat' dir='ltr'>corr.m.fortasse1quo)qu10</span> <span class='ocrx_word' id='word_1_193' title='bbox 690 3041 890 3096; x_wconf 80' lang='lat' dir='ltr'>2offerunt1l</span> <span class='ocrx_word' id='word_1_194' title='bbox 963 3041 1028 3095; x_wconf 88' lang='lat' dir='ltr'>deus</span> <span class='ocrx_word' id='word_1_195' title='bbox 1047 3041 1214 3094; x_wconf 82' lang='lat' dir='ltr'><em>DHMICP</em></span> <span class='ocrx_word' id='word_1_196' title='bbox 1233 3040 1294 3094; x_wconf 83' lang='lat' dir='ltr'>edd.</span> 
     </span>
     <span class='ocr_line' id='line_1_25' title="bbox 144 3129 1294 3202; baseline -0.002 -18"><span class='ocrx_word' id='word_1_197' title='bbox 144 3147 197 3184; x_wconf 83' lang='lat' dir='ltr'>sec.</span> <span class='ocrx_word' id='word_1_198' title='bbox 221 3131 300 3200; x_wconf 75' lang='lat' dir='ltr'>Vulp.</span> <span class='ocrx_word' id='word_1_199' title='bbox 319 3129 460 3201; x_wconf 75' lang='lat' dir='ltr'>(Septusp.</span> <span class='ocrx_word' id='word_1_200' title='bbox 479 3132 591 3202; x_wconf 58' lang='lat' dir='ltr'>stipem,-</span> <span class='ocrx_word' id='word_1_201' title='bbox 610 3131 645 3199; x_wconf 85' lang='lat' dir='ltr'>cf.</span> <span class='ocrx_word' id='word_1_202' title='bbox 660 3149 690 3200; x_wconf 81' lang='lat' dir='ltr'>p.</span> <span class='ocrx_word' id='word_1_203' title='bbox 711 3135 774 3198; x_wconf 78' lang='lat'>132,</span> <span class='ocrx_word' id='word_1_204' title='bbox 794 3135 832 3184; x_wconf 90' lang='lat'>10</span> <span class='ocrx_word' id='word_1_205' title='bbox 920 3133 938 3184; x_wconf 83' lang='lat'><strong>4</strong></span> <span class='ocrx_word' id='word_1_206' title='bbox 958 3132 1064 3198; x_wconf 88' lang='lat' dir='ltr'>cuiusq;</span> <span class='ocrx_word' id='word_1_207' title='bbox 1085 3129 1140 3184; x_wconf 75' lang='lat' dir='ltr'>Ele</span> <span class='ocrx_word' id='word_1_208' title='bbox 1217 3129 1294 3182; x_wconf 85' lang='lat' dir='ltr'>bunn-</span> 
     </span>
     <span class='ocr_line' id='line_1_26' title="bbox 146 3217 1297 3291; baseline -0.002 -19"><span class='ocrx_word' id='word_1_209' title='bbox 146 3235 237 3288; x_wconf 85' lang='lat' dir='ltr'>qusm,</span> <span class='ocrx_word' id='word_1_210' title='bbox 259 3220 292 3272; x_wconf 79' lang='lat' dir='ltr'>in</span> <span class='ocrx_word' id='word_1_211' title='bbox 314 3237 400 3291; x_wconf 77' lang='lat' dir='ltr'>marp.</span> <span class='ocrx_word' id='word_1_212' title='bbox 427 3219 573 3290; x_wconf 82' lang='lat' dir='ltr'>aliquando</span> <span class='ocrx_word' id='word_1_213' title='bbox 597 3220 619 3273; x_wconf 92' lang='lat' dir='ltr'><strong><em>I</em></strong></span> <span class='ocrx_word' id='word_1_214' title='bbox 706 3224 722 3274; x_wconf 87' lang='grc'><strong>5</strong></span> <span class='ocrx_word' id='word_1_215' title='bbox 746 3220 886 3288; x_wconf 89' lang='lat' dir='ltr'>diuinitas,</span> <span class='ocrx_word' id='word_1_216' title='bbox 910 3237 945 3274; x_wconf 87' lang='lat' dir='ltr'>m.</span> <span class='ocrx_word' id='word_1_217' title='bbox 969 3223 985 3272; x_wconf 91' lang='lat'><strong><em>1</em></strong></span> <span class='ocrx_word' id='word_1_218' title='bbox 1007 3235 1075 3273; x_wconf 87' lang='lat' dir='ltr'>corr.</span> <span class='ocrx_word' id='word_1_219' title='bbox 1106 3219 1237 3272; x_wconf 88' lang='lat' dir='ltr'>diuinitus</span> <span class='ocrx_word' id='word_1_220' title='bbox 1260 3217 1297 3270; x_wconf 87' lang='grc' dir='ltr'><em>Μ</em></span> 
     </span>
    </p>

    <p class='ocr_par' dir='ltr' id='par_1_6' title="bbox 144 3307 1298 3733">
     <span class='ocr_line' id='line_1_27' title="bbox 181 3307 1296 3380; baseline -0.001 -19"><span class='ocrx_word' id='word_1_221' title='bbox 181 3309 367 3377; x_wconf 89' lang='lat' dir='ltr'>impetitarum</span> <span class='ocrx_word' id='word_1_222' title='bbox 387 3310 431 3363; x_wconf 91' lang='lat' dir='ltr'>uel</span> <span class='ocrx_word' id='word_1_223' title='bbox 444 3309 572 3377; x_wconf 89' lang='lat' dir='ltr'>iubendo,</span> <span class='ocrx_word' id='word_1_224' title='bbox 591 3327 625 3363; x_wconf 87' lang='lat' dir='ltr'>m.</span> <span class='ocrx_word' id='word_1_225' title='bbox 642 3313 662 3363; x_wconf 71' lang='grc'><strong><em>2</em></strong></span> <span class='ocrx_word' id='word_1_226' title='bbox 679 3309 878 3380; x_wconf 85' lang='lat' dir='ltr'>impertiturum</span> <span class='ocrx_word' id='word_1_227' title='bbox 895 3309 940 3363; x_wconf 85' lang='lat' dir='ltr'>uel</span> <span class='ocrx_word' id='word_1_228' title='bbox 955 3307 1092 3362; x_wconf 90' lang='lat' dir='ltr'>inbueudo</span> <span class='ocrx_word' id='word_1_229' title='bbox 1108 3308 1141 3362; x_wconf 89' lang='lat' dir='ltr'><em>H</em></span> <span class='ocrx_word' id='word_1_230' title='bbox 1175 3309 1296 3362; x_wconf 78' lang='lat' dir='ltr'>baulme</span> 
     </span>
     <span class='ocr_line' id='line_1_28' title="bbox 145 3394 1295 3452; baseline -0.002 -2"><span class='ocrx_word' id='word_1_231' title='bbox 145 3397 177 3450; x_wconf 82' lang='grc' dir='ltr'><em>Ε</em></span> <span class='ocrx_word' id='word_1_232' title='bbox 193 3397 299 3450; x_wconf 83' lang='lat' dir='ltr'>animae</span> <span class='ocrx_word' id='word_1_233' title='bbox 318 3397 523 3452; x_wconf 86' lang='lat' dir='ltr'>RanimumI</span> <span class='ocrx_word' id='word_1_234' title='bbox 591 3398 686 3452; x_wconf 83' lang='lat' dir='ltr'>salutis</span> <span class='ocrx_word' id='word_1_235' title='bbox 705 3397 733 3451; x_wconf 67' lang='lat'>&#39;0</span> <span class='ocrx_word' id='word_1_236' title='bbox 803 3401 867 3450; x_wconf 91' lang='lat' dir='ltr'>suut</span> <span class='ocrx_word' id='word_1_237' title='bbox 886 3414 937 3452; x_wconf 89' lang='lat' dir='ltr'>om.</span> <span class='ocrx_word' id='word_1_238' title='bbox 956 3397 985 3451; x_wconf 92' lang='lat' dir='ltr'><em>D</em></span> <span class='ocrx_word' id='word_1_239' title='bbox 1069 3397 1157 3449; x_wconf 82' lang='lat' dir='ltr'>inon</span> <span class='ocrx_word' id='word_1_240' title='bbox 1177 3396 1227 3450; x_wconf 88' lang='lat' dir='ltr'>deo</span> <span class='ocrx_word' id='word_1_241' title='bbox 1247 3394 1295 3448; x_wconf 89' lang='lat' dir='ltr'>sed</span> 
     </span>
     <span class='ocr_line' id='line_1_29' title="bbox 144 3484 1297 3554; baseline -0.001 -16"><span class='ocrx_word' id='word_1_242' title='bbox 144 3485 237 3554; x_wconf 80' lang='lat' dir='ltr'>nobis]</span> <span class='ocrx_word' id='word_1_243' title='bbox 259 3485 385 3540; x_wconf 88' lang='lat' dir='ltr'>sednon</span> <span class='ocrx_word' id='word_1_244' title='bbox 408 3487 487 3540; x_wconf 88' lang='lat' dir='ltr'>nobis</span> <span class='ocrx_word' id='word_1_245' title='bbox 511 3486 570 3552; x_wconf 90' lang='lat' dir='ltr'>deo,</span> <span class='ocrx_word' id='word_1_246' title='bbox 594 3505 629 3541; x_wconf 89' lang='lat' dir='ltr'>m.</span> <span class='ocrx_word' id='word_1_247' title='bbox 655 3489 675 3540; x_wconf 85' lang='lat'><strong><em>2</em></strong></span> <span class='ocrx_word' id='word_1_248' title='bbox 698 3487 746 3542; x_wconf 91' lang='lat' dir='ltr'>sed</span> <span class='ocrx_word' id='word_1_249' title='bbox 769 3487 848 3540; x_wconf 91' lang='lat' dir='ltr'>nobis</span> <span class='ocrx_word' id='word_1_250' title='bbox 873 3503 926 3539; x_wconf 92' lang='lat' dir='ltr'>non</span> <span class='ocrx_word' id='word_1_251' title='bbox 953 3485 1002 3539; x_wconf 89' lang='lat' dir='ltr'>deo</span> <span class='ocrx_word' id='word_1_252' title='bbox 1031 3485 1053 3538; x_wconf 84' lang='grc'><em>0</em></span> <span class='ocrx_word' id='word_1_253' title='bbox 1165 3485 1181 3538; x_wconf 92' lang='grc'>8</span> <span class='ocrx_word' id='word_1_254' title='bbox 1205 3484 1297 3538; x_wconf 83' lang='lat' dir='ltr'>officia</span> 
     </span>
     <span class='ocr_line' id='line_1_30' title="bbox 144 3573 1298 3645; baseline -0.003 -17"><span class='ocrx_word' id='word_1_255' title='bbox 144 3576 305 3628; x_wconf 86' lang='lat' dir='ltr'>exercentur</span> <span class='ocrx_word' id='word_1_256' title='bbox 322 3573 381 3628; x_wconf 81' lang='lat' dir='ltr'>edd.</span> <span class='ocrx_word' id='word_1_257' title='bbox 486 3577 502 3628; x_wconf 88' lang='lat'><strong>9</strong></span> <span class='ocrx_word' id='word_1_258' title='bbox 521 3580 564 3628; x_wconf 87' lang='lat' dir='ltr'>est</span> <span class='ocrx_word' id='word_1_259' title='bbox 582 3591 632 3628; x_wconf 88' lang='lat' dir='ltr'>om.</span> <span class='ocrx_word' id='word_1_260' title='bbox 651 3575 683 3629; x_wconf 89' lang='lat' dir='ltr'><strong><em>D</em></strong></span> <span class='ocrx_word' id='word_1_261' title='bbox 788 3575 820 3629; x_wconf 92' lang='grc'>10</span> <span class='ocrx_word' id='word_1_262' title='bbox 840 3575 986 3645; x_wconf 84' lang='lat' dir='ltr'>pertinent,</span> <span class='ocrx_word' id='word_1_263' title='bbox 1005 3590 1038 3630; x_wconf 87' lang='lat' dir='ltr'>m.</span> <span class='ocrx_word' id='word_1_264' title='bbox 1060 3574 1253 3642; x_wconf 78' lang='lat' dir='ltr'>2pertineent</span> <span class='ocrx_word' id='word_1_265' title='bbox 1275 3573 1298 3624; x_wconf 81' lang='lat' dir='ltr'><em>G</em></span> 
     </span>
     <span class='ocr_line' id='line_1_31' title="bbox 145 3661 1294 3733; baseline -0.003 -16"><span class='ocrx_word' id='word_1_266' title='bbox 145 3665 177 3717; x_wconf 94' lang='lat' dir='ltr'>ll</span> <span class='ocrx_word' id='word_1_267' title='bbox 200 3661 278 3733; x_wconf 89' lang='lat' dir='ltr'>deus]</span> <span class='ocrx_word' id='word_1_268' title='bbox 298 3663 378 3716; x_wconf 86' lang='lat' dir='ltr'>bomo</span> <span class='ocrx_word' id='word_1_269' title='bbox 396 3663 456 3720; x_wconf 82' lang='lat' dir='ltr'>edd.</span> <span class='ocrx_word' id='word_1_270' title='bbox 469 3669 583 3733; x_wconf 80' lang='lat' dir='ltr'>praeter</span> <span class='ocrx_word' id='word_1_271' title='bbox 601 3681 620 3718; x_wconf 84' lang='lat' dir='ltr'>a</span> <span class='ocrx_word' id='word_1_272' title='bbox 728 3665 844 3717; x_wconf 84' lang='lat' dir='ltr'>alterum</span> <span class='ocrx_word' id='word_1_273' title='bbox 863 3663 938 3717; x_wconf 83' lang='lat' dir='ltr'>alind</span> <span class='ocrx_word' id='word_1_274' title='bbox 957 3679 1018 3723; x_wconf 85' lang='lat' dir='ltr'>om..</span> <span class='ocrx_word' id='word_1_275' title='bbox 1037 3679 1071 3718; x_wconf 85' lang='lat' dir='ltr'>m.</span> <span class='ocrx_word' id='word_1_276' title='bbox 1093 3665 1113 3714; x_wconf 83' lang='lat'><strong><em>2</em></strong></span> <span class='ocrx_word' id='word_1_277' title='bbox 1132 3667 1196 3714; x_wconf 83' lang='lat' dir='ltr'>ante</span> <span class='ocrx_word' id='word_1_278' title='bbox 1214 3677 1294 3714; x_wconf 88' lang='lat' dir='ltr'>mane</span> 
     </span>
    </p>
   </div>
   <div class='ocr_carea' id='block_1_6' title="bbox 143 3749 1379 3822">
    <p class='ocr_par' dir='ltr' id='par_1_7' title="bbox 143 3749 1379 3822">
     <span class='ocr_line' id='line_1_32' title="bbox 143 3749 1379 3822; baseline -0.004 -16"><span class='ocrx_word' id='word_1_279' title='bbox 143 3749 254 3806; x_wconf 60' lang='grc' dir='ltr'>(ΜΡ</span> <span class='ocrx_word' id='word_1_280' title='bbox 339 3753 371 3805; x_wconf 89' lang='grc'>13</span> <span class='ocrx_word' id='word_1_281' title='bbox 391 3751 457 3805; x_wconf 89' lang='lat' dir='ltr'>deus</span> <span class='ocrx_word' id='word_1_282' title='bbox 475 3769 526 3806; x_wconf 88' lang='lat' dir='ltr'>om.</span> <span class='ocrx_word' id='word_1_283' title='bbox 545 3753 652 3808; x_wconf 78' lang='lat' dir='ltr'><em>DEDI</em></span> <span class='ocrx_word' id='word_1_284' title='bbox 736 3753 770 3805; x_wconf 83' lang='lat'>14</span> <span class='ocrx_word' id='word_1_285' title='bbox 788 3751 1005 3822; x_wconf 84' lang='lat' dir='ltr'>priore—offerri</span> <span class='ocrx_word' id='word_1_286' title='bbox 1024 3767 1076 3805; x_wconf 87' lang='lat' dir='ltr'>om.</span> <span class='ocrx_word' id='word_1_287' title='bbox 1095 3750 1150 3805; x_wconf 81' lang='lat' dir='ltr'>ER</span> <span class='ocrx_word' id='word_1_288' title='bbox 1224 3749 1292 3802; x_wconf 81' lang='lat' dir='ltr'>clte-</span> <span class='ocrx_word' id='word_1_289' title='bbox 1375 3778 1379 3784; x_wconf 92' lang='lat'><strong>·</strong></span> 
     </span>
    </p>
   </div>
   <div class='ocr_carea' id='block_1_7' title="bbox 141 3838 1297 4437">
    <p class='ocr_par' dir='ltr' id='par_1_8' title="bbox 141 3838 1297 4437">
     <span class='ocr_line' id='line_1_33' title="bbox 141 3838 1294 3912; baseline -0.005 -17"><span class='ocrx_word' id='word_1_290' title='bbox 141 3858 207 3896; x_wconf 79' lang='lat' dir='ltr'>rum</span> <span class='ocrx_word' id='word_1_291' title='bbox 225 3840 301 3894; x_wconf 84' lang='lat' dir='ltr'>aliud</span> <span class='ocrx_word' id='word_1_292' title='bbox 318 3857 369 3896; x_wconf 84' lang='lat' dir='ltr'>om.</span> <span class='ocrx_word' id='word_1_293' title='bbox 389 3841 419 3894; x_wconf 91' lang='lat' dir='ltr'><em>D</em></span> <span class='ocrx_word' id='word_1_294' title='bbox 526 3843 573 3912; x_wconf 89' lang='lat' dir='ltr'>qui</span> <span class='ocrx_word' id='word_1_295' title='bbox 591 3843 612 3894; x_wconf 87' lang='lat'><em>1</em></span> <span class='ocrx_word' id='word_1_296' title='bbox 628 3846 660 3895; x_wconf 94' lang='lat' dir='ltr'>ut</span> <span class='ocrx_word' id='word_1_297' title='bbox 678 3842 707 3894; x_wconf 92' lang='lat' dir='ltr'><em>D</em></span> <span class='ocrx_word' id='word_1_298' title='bbox 800 3842 832 3894; x_wconf 87' lang='lat'>15</span> <span class='ocrx_word' id='word_1_299' title='bbox 852 3841 1044 3895; x_wconf 87' lang='lat' dir='ltr'>conuenientes</span> <span class='ocrx_word' id='word_1_300' title='bbox 1064 3840 1093 3894; x_wconf 92' lang='lat' dir='ltr'><em>D</em></span> <span class='ocrx_word' id='word_1_301' title='bbox 1185 3839 1217 3890; x_wconf 87' lang='grc'>16</span> <span class='ocrx_word' id='word_1_302' title='bbox 1237 3838 1294 3890; x_wconf 86' lang='lat' dir='ltr'>siue</span> 
     </span>
     <span class='ocr_line' id='line_1_34' title="bbox 142 3913 1297 3999; baseline -0.005 -15"><span class='ocrx_word' id='word_1_303' title='bbox 142 3930 213 3999; x_wconf 83' lang='lat' dir='ltr'>nlla]</span> <span class='ocrx_word' id='word_1_304' title='bbox 241 3930 266 3982; x_wconf 92' lang='lat' dir='ltr'>si</span> <span class='ocrx_word' id='word_1_305' title='bbox 293 3945 343 3984; x_wconf 89' lang='lat' dir='ltr'>uec</span> <span class='ocrx_word' id='word_1_306' title='bbox 368 3929 418 3982; x_wconf 88' lang='lat' dir='ltr'>illa</span> <span class='ocrx_word' id='word_1_307' title='bbox 443 3931 474 3984; x_wconf 92' lang='lat' dir='ltr'><em>D</em></span> <span class='ocrx_word' id='word_1_308' title='bbox 500 3931 609 3999; x_wconf 80' lang='lat' dir='ltr'>singula</span> <span class='ocrx_word' id='word_1_309' title='bbox 637 3929 667 3982; x_wconf 80' lang='grc' dir='ltr'><em>Ε</em></span> <span class='ocrx_word' id='word_1_310' title='bbox 794 3931 824 3982; x_wconf 84' lang='grc'>17</span> <span class='ocrx_word' id='word_1_311' title='bbox 855 3928 1153 3998; x_wconf 82' lang='lat' dir='ltr'>disponeret—ratione</span> <span class='ocrx_word' id='word_1_312' title='bbox 1182 3943 1233 3980; x_wconf 88' lang='lat' dir='ltr'>om.</span> <span class='ocrx_word' id='word_1_313' title='bbox 1266 3913 1297 3978; x_wconf 88' lang='lat' dir='ltr'><em>D</em></span> 
     </span>
     <span class='ocr_line' id='line_1_35' title="bbox 145 4013 1296 4089; baseline -0.007 -16"><span class='ocrx_word' id='word_1_314' title='bbox 145 4021 180 4073; x_wconf 89' lang='lat'>18</span> <span class='ocrx_word' id='word_1_315' title='bbox 198 4020 261 4089; x_wconf 89' lang='lat' dir='ltr'>nec]</span> <span class='ocrx_word' id='word_1_316' title='bbox 281 4035 315 4072; x_wconf 86' lang='lat' dir='ltr'>ne</span> <span class='ocrx_word' id='word_1_317' title='bbox 333 4019 389 4072; x_wconf 74' lang='grc' dir='ltr'>ΑΡ</span> <span class='ocrx_word' id='word_1_318' title='bbox 405 4022 450 4087; x_wconf 88' lang='lat' dir='ltr'>(m.</span> <span class='ocrx_word' id='word_1_319' title='bbox 470 4022 490 4071; x_wconf 85' lang='lat'><em>2</em></span> <span class='ocrx_word' id='word_1_320' title='bbox 507 4023 567 4086; x_wconf 88' lang='lat' dir='ltr'>nec)</span> <span class='ocrx_word' id='word_1_321' title='bbox 622 4018 726 4088; x_wconf 84' lang='lat' dir='ltr'>subito]</span> <span class='ocrx_word' id='word_1_322' title='bbox 746 4018 886 4088; x_wconf 89' lang='lat' dir='ltr'>superbito</span> <span class='ocrx_word' id='word_1_323' title='bbox 905 4017 936 4072; x_wconf 90' lang='lat' dir='ltr'><strong><em>D</em></strong></span> <span class='ocrx_word' id='word_1_324' title='bbox 973 4019 1006 4070; x_wconf 89' lang='grc'>19</span> <span class='ocrx_word' id='word_1_325' title='bbox 1025 4017 1125 4086; x_wconf 87' lang='lat' dir='ltr'>priora]</span> <span class='ocrx_word' id='word_1_326' title='bbox 1146 4013 1296 4084; x_wconf 81' lang='lat' dir='ltr'>proprisA</span> 
     </span>
     <span class='ocr_line' id='line_1_36' title="bbox 180 4105 1295 4178; baseline -0.006 -16"><span class='ocrx_word' id='word_1_327' title='bbox 180 4108 318 4162; x_wconf 84' lang='lat' dir='ltr'>uoluntati</span> <span class='ocrx_word' id='word_1_328' title='bbox 336 4108 472 4162; x_wconf 80' lang='lat' dir='ltr'><em>MIAOP</em></span> <span class='ocrx_word' id='word_1_329' title='bbox 486 4108 666 4178; x_wconf 80' lang='lat' dir='ltr'>uslumptatis</span> <span class='ocrx_word' id='word_1_330' title='bbox 685 4109 714 4161; x_wconf 90' lang='lat' dir='ltr'><em>D</em></span> <span class='ocrx_word' id='word_1_331' title='bbox 787 4108 839 4162; x_wconf 88' lang='lat' dir='ltr'>lroc</span> <span class='ocrx_word' id='word_1_332' title='bbox 858 4109 911 4162; x_wconf 86' lang='lat' dir='ltr'>ianr</span> <span class='ocrx_word' id='word_1_333' title='bbox 931 4107 1041 4162; x_wconf 86' lang='lat' dir='ltr'><em>DMIP</em></span> <span class='ocrx_word' id='word_1_334' title='bbox 1058 4105 1117 4160; x_wconf 86' lang='lat' dir='ltr'>edd.</span> <span class='ocrx_word' id='word_1_335' title='bbox 1186 4105 1221 4157; x_wconf 84' lang='lat'>20</span> <span class='ocrx_word' id='word_1_336' title='bbox 1240 4107 1295 4156; x_wconf 84' lang='lat' dir='ltr'>sta·</span> 
     </span>
     <span class='ocr_line' id='line_1_37' title="bbox 143 4192 1296 4266; baseline -0.005 -14"><span class='ocrx_word' id='word_1_337' title='bbox 143 4197 250 4266; x_wconf 87' lang='lat' dir='ltr'>tutum]</span> <span class='ocrx_word' id='word_1_338' title='bbox 270 4199 405 4250; x_wconf 88' lang='lat' dir='ltr'>statutum</span> <span class='ocrx_word' id='word_1_339' title='bbox 430 4201 487 4250; x_wconf 89' lang='lat' dir='ltr'>tum</span> <span class='ocrx_word' id='word_1_340' title='bbox 512 4201 581 4264; x_wconf 76' lang='lat' dir='ltr'>(turn</span> <span class='ocrx_word' id='word_1_341' title='bbox 599 4213 633 4250; x_wconf 81' lang='lat' dir='ltr'>m.</span> <span class='ocrx_word' id='word_1_342' title='bbox 654 4201 669 4248; x_wconf 88' lang='lat'><strong><em>1</em></strong></span> <span class='ocrx_word' id='word_1_343' title='bbox 688 4196 751 4264; x_wconf 80' lang='lat' dir='ltr'>del.)</span> <span class='ocrx_word' id='word_1_344' title='bbox 769 4195 804 4249; x_wconf 88' lang='lat' dir='ltr'><strong><em>H</em></strong></span> <span class='ocrx_word' id='word_1_345' title='bbox 824 4199 907 4261; x_wconf 88' lang='lat' dir='ltr'>statu,</span> <span class='ocrx_word' id='word_1_346' title='bbox 928 4211 996 4251; x_wconf 84' lang='lat' dir='ltr'>corr.</span> <span class='ocrx_word' id='word_1_347' title='bbox 1016 4199 1060 4262; x_wconf 88' lang='lat' dir='ltr'>(m.</span> <span class='ocrx_word' id='word_1_348' title='bbox 1080 4198 1095 4247; x_wconf 89' lang='lat'><em>1</em></span> <span class='ocrx_word' id='word_1_349' title='bbox 1114 4192 1139 4260; x_wconf 85' lang='lat'>?)</span> <span class='ocrx_word' id='word_1_350' title='bbox 1164 4195 1296 4246; x_wconf 84' lang='lat' dir='ltr'>statutum</span> 
     </span>
     <span class='ocr_line' id='line_1_38' title="bbox 143 4284 1033 4355; baseline -0.004 -15"><span class='ocrx_word' id='word_1_351' title='bbox 143 4287 183 4340; x_wconf 85' lang='grc' dir='ltr'><em>Μ</em></span> <span class='ocrx_word' id='word_1_352' title='bbox 252 4285 458 4355; x_wconf 79' lang='lat' dir='ltr'>sapientiumtia</span> <span class='ocrx_word' id='word_1_353' title='bbox 478 4285 556 4353; x_wconf 81' lang='lat' dir='ltr'>(tiam</span> <span class='ocrx_word' id='word_1_354' title='bbox 575 4285 695 4353; x_wconf 81' lang='lat' dir='ltr'>eros.)I</span> <span class='ocrx_word' id='word_1_355' title='bbox 765 4285 808 4338; x_wconf 88' lang='lat' dir='ltr'>cui</span> <span class='ocrx_word' id='word_1_356' title='bbox 827 4289 876 4354; x_wconf 60' lang='lat' dir='ltr'>(u</span> <span class='ocrx_word' id='word_1_357' title='bbox 897 4285 977 4352; x_wconf 82' lang='lat' dir='ltr'>eras.)</span> <span class='ocrx_word' id='word_1_358' title='bbox 996 4284 1033 4336; x_wconf 86' lang='lat' dir='ltr'><em>M</em></span> 
     </span>
     <span class='ocr_line' id='line_1_39' title="bbox 1227 4385 1260 4437; baseline 0 -20"><span class='ocrx_word' id='word_1_359' title='bbox 1227 4385 1260 4437; x_wconf 76' lang='grc'>9*</span> 
     </span>
    </p>
   </div>
   <div class='ocr_carea' id='block_1_8' title="bbox 0 0 1554 4959">
    <p class='ocr_par' dir='ltr' id='par_1_9' title="bbox 0 0 1554 4959">
     <span class='ocr_line' id='line_1_40' title="bbox 0 0 1554 4959; baseline 0 0"><span class='ocrx_word' id='word_1_360' title='bbox 0 0 1554 4959; x_wconf 95' lang='lat' dir='ltr'> </span> 
     </span>
    </p>
   </div>
  </div>
 </body>
</html>
