3092 4959
286 413 350 476 196
637 409 664 463 S.
692 409 831 463 Aureli
859 411 1077 479 Augustini

284 603 342 669 deo
367 609 485 682 nostra,
510 605 595 687 quod
618 609 669 669 est
691 624 842 689 magnum
867 609 1098 670 sacramentnm
1122 605 1153 668 in
1179 605 1334 670 sacrificio
1359 607 1426 668 noui

283 711 476 788 testamenti,
511 712 595 795 quod
623 715 655 776 et
686 712 742 776 ubi
770 718 803 776 et
831 713 954 794 quando
989 715 1022 776 et
1050 732 1111 794 quo
1143 711 1238 776 modo
1273 712 1426 776 offeratur.

283 837 355 882 oum
380 818 477 883 tueris
501 819 692 900 baptizatus,
715 820 870 883 inuenies.

146 908 261 972 XX49
325 925 446 990 Deinde
477 926 621 1008 seqnitur
653 930 685 989 et
715 926 808 990 dicit:
841 927 999 990 Timent
1031 946 1118 991 eum
1151 946 1264 991 omne
1298 946 1426 990 semen

278 1032 450 1097 Israhel.
476 1033 552 1115 quia
574 1033 668 1097 Iacob
693 1033 760 1116 ipse
786 1037 818 1097 et
841 1033 963 1097 Israhel
987 1053 1069 1097 unus
1093 1033 1187 1097 horno
1216 1037 1285 1097 erat
1312 1033 1427 1097 habens
1452 1057 1461 1094 a

280 1138 341 1204 duo
370 1139 508 1217 nomina,
535 1159 596 1204 non
625 1139 656 1203 in
684 1158 782 1220 paruo
812 1142 1008 1204 sacramento
1032 1178 1075 1184 -
1100 1140 1240 1203 seduno
1264 1139 1347 1204 libro
1372 1157 1427 1203 non

280 1264 452 1328 possumus
477 1245 580 1310 dioere
604 1245 718 1324 omnia,
742 1247 773 1309 in
799 1265 861 1328 quo
886 1247 947 1309 iarn
973 1246 1110 1310 multum
1135 1247 1294 1330 progressi
1320 1265 1427 1310 snrnns

281 1356 312 1415 et
335 1352 475 1417 nondum
500 1352 537 1417 de
562 1352 632 1416 aliis
656 1352 759 1417 tribus
786 1352 1025 1434 quaestionibus
1050 1352 1172 1434 aliquid
1199 1353 1348 1429 diximus,
1373 1353 1427 1416 hor

281 1463 330 1522 est
349 1459 387 1524 de
405 1460 543 1525 tenebris
564 1460 769 1524 exterioribus
791 1464 823 1523 et
842 1459 1021 1539 latitudine,
1036 1459 1247 1544 longitudine,
1263 1460 1427 1524 altitudine

281 1585 316 1630 ae
335 1567 490 1649 profundo
510 1570 542 1631 et
561 1566 598 1630 de
618 1567 758 1648 quinque
779 1570 811 1630 et
825 1566 963 1649 quinque
979 1565 1158 1648 uirginibus
1177 1603 1230 1645 —,
1251 1567 1338 1648 qnod
1357 1585 1425 1649 ergo
1442 1591 1461 1627 o
1537 1648 1538 1651 Ἴ

281 1693 375 1754 supra
395 1673 474 1737 dirit
491 1673 740 1737 ‘uniuersum
760 1692 893 1738 semen
913 1673 1055 1753 Iacob‘,
1070 1673 1130 1736 hoo
1146 1677 1376 1755 consequenter
1389 1672 1427 1734 ait

280 1785 401 1843 ‘omne
426 1799 559 1844 seman
583 1779 766 1843 Israhel'.
793 1779 847 1844 sed
872 1799 967 1862 quare
986 1780 1133 1862 superius
1153 1780 1426 1863 ‘magnificate

280 1894 376 1950 eum'
406 1890 437 1950 et
464 1888 624 1968 posterius
652 1887 807 1950 ‘timeat
839 1891 958 1951 eum'?
992 1886 1206 1970 magnificatio
1239 1886 1329 1950 laudi
1362 1905 1427 1950 oon-

281 1993 377 2076 gruit,
407 1993 445 2057 de
474 2013 536 2076 qua
564 1993 695 2058 dixerat:
727 1991 804 2072 Qui
832 1994 993 2058 timetis
1023 1994 1235 2070 dominnm,
1265 1993 1427 2056 laudate

280 2117 377 2176 eum,
402 2097 484 2163 unde
509 2100 571 2162 iam
597 2099 697 2164 multa
721 2098 868 2164 disserui.
892 2099 937 2164 ibi
957 2100 1074 2182 quippe
1094 2119 1182 2163 amor
1199 2101 1253 2163 uel
1278 2101 1427 2162 caritas
1445 2121 1463 2159 a

281 2205 343 2285 dei,
376 2225 456 2287 qnae
494 2207 682 2288 perfecta
719 2205 828 2270 foras
865 2206 1000 2270 mittit
1037 2207 1234 2271 timorem.
1269 2225 1325 2270 our
1357 2224 1426 2287 ergo

280 2311 409 2376 iterum:
435 2311 592 2376 Timeat
617 2332 700 2376 eum
727 2332 838 2377 omne
864 2332 997 2377 semen
1021 2313 1199 2377 Israhel?
1227 2312 1424 2376 nonenim

280 2419 519 2500 aoeepIstis,
571 2419 675 2501 inquit
726 2418 902 2502 apostolus,
954 2419 1147 2501 spiritum
1204 2417 1424 2483 seruitutis

280 2525 429 2589 iterum
453 2526 490 2588 in
515 2527 670 2590 timore.
696 2525 752 2590 sod
776 2526 860 2590 idern
879 2526 948 2608 ipse
967 2526 1133 2607 apostolus
1153 2527 1290 2590 oleastro
1310 2525 1424 2588 inserto

280 2631 312 2695 in
341 2632 424 2696 oliua
454 2632 600 2697 timorem
629 2633 793 2715 praecipit,
822 2632 882 2695 hoo
916 2636 965 2696 est
997 2632 1147 2716 gentibus
1181 2631 1298 2696 additis
1332 2629 1460 2694 radicis

280 2738 450 2815 Abraham,
482 2741 582 2818 Isaac,
616 2739 720 2816 Iacob,
749 2743 786 2802 ut
822 2744 854 2803 et
889 2740 977 2820 ipsae
1014 2739 1125 2803 fierent
1155 2739 1286 2816 Israhel,
1319 2738 1349 2800 id
1380 2739 1425 2800 est

281 2846 474 2927 pertinerent
497 2846 535 2910 ad
559 2866 666 2910 semen
690 2845 844 2910 Abrahae.

214 2945 257 3007 50
327 2951 428 3032 Quam
462 2953 665 3017 insertionem
699 2953 826 3017 oleastri
859 2953 1032 3034 amputatis
1070 2956 1197 3035 propter
1233 2951 1425 3016 infidelitatis

1537 3106 1538 3197 i

370 3216 451 3268 ars.
470 3215 512 3282 21,
533 3216 567 3268 25
656 3213 897 3269 1511011.4.18
986 3215 1018 3266 18
1037 3213 1113 3266 Rom.
1133 3213 1157 3273 9,
1180 3213 1212 3264 15>
1301 3215 1333 3265 19
1352 3213 1426 3265 Rom.
1537 3206 1538 3265 i

285 3303 451 3372 11,17.-20

320 3427 405 3481 Ideo
425 3432 516 3482 nostro
536 3443 586 3482 orn.
606 3427 639 3482 N
703 3429 767 3481 aet
786 3427 844 3498 ubi]
863 3433 894 3481 ut
912 3427 959 3480 nbi
978 3427 1005 3480 L
1023 3426 1069 3480 ubi
1092 3425 1201 3481 ORGT
1217 3425 1278 3479 edd.
1347 3424 1426 3493 5qni

282 3517 312 3570 N
324 3517 422 3584 firm
493 3518 552 3586 ipse
572 3517 666 3571 onaG
721 3519 811 3570 iinon
829 3533 973 3584 possumus
992 3515 1081 3568 dicere
1099 3513 1198 3568 om.N
1212 3532 1266 3568 non
1285 3529 1427 3585 possumus
1537 3522 1538 3525 ’

284 3606 337 3658 diei
355 3605 435 3661 LOR
453 3623 505 3658 nou
526 3611 640 3675 possunt
660 3607 713 3660 dici
732 3607 792 3658 edd.
849 3607 864 3658 7
883 3609 911 3657 in
932 3621 1113 3674 quo-snmus
1132 3620 1183 3657 om.
1203 3603 1235 3656 N
1290 3605 1307 3657 8
1326 3601 1428 3671 aliquid

283 3711 333 3748 om.
353 3693 386 3746 N
454 3694 628 3748 disseruimus
646 3692 679 3747 N
749 3696 813 3747 9et
830 3693 976 3746 latitudine
997 3695 1025 3746 et
1041 3690 1213 3760 longitudine
1232 3691 1293 3744 edd.
1367 3690 1428 3742 alti·

283 3782 379 3836 tudine
398 3799 449 3836 om.
469 3784 496 3838 R
570 3781 602 3837 10
621 3785 663 3852 ao]
685 3788 713 3836 et
734 3783 790 3836 GT
806 3782 865 3834 edd.
945 3781 1115 3849 profundum,
1134 3799 1167 3835 m.
1187 3785 1203 3832 1
1222 3778 1259 3844 (?)
1280 3796 1350 3834 corr.
1368 3796 1427 3849 pro·

283 3871 366 3925 fundo
386 3872 411 3924 L
485 3874 515 3926 ll
537 3871 604 3926 dixit
624 3889 705 3941 snpra
723 3872 784 3924 edd.
856 3872 901 3925 hic
919 3870 979 3924 edd.
1061 3873 1093 3924 13
1112 3872 1213 3933 timeo,
1232 3888 1267 3924 m.
1285 3870 1428 3923 ataid!

284 3977 351 4014 corr.
372 3961 515 4016 timeatN
585 3963 616 4016 15
636 3961 681 4015 uel
700 3962 799 4014 caritas
818 3977 868 4016 om.
888 3961 919 4013 N
988 3961 1020 4012 16
1040 3969 1072 4013 en
1090 3959 1119 4014 B
1186 3960 1218 4012 li
1239 3959 1327 4012 omnis
1346 3958 1429 4013 lsrael

284 4049 346 4103 edd.
362 4056 478 4118 praeter
495 4067 522 4103 m
579 4049 611 4102 19
631 4049 728 4101 iterum
748 4065 800 4102 om.
818 4048 851 4100 N
920 4048 978 4116 ipse
997 4065 1049 4101 om.
1071 4047 1097 4101 G
1115 4047 1177 4101 edd.
1231 4049 1267 4101 20
1287 4048 1387 4101 olinatn
1400 4045 1432 4099 a'

278 4139 375 4205 sirm
447 4137 633 4207 praecepit&
706 4136 738 4188 21
760 4137 832 4189 isaac
852 4142 880 4190 et
898 4137 1021 4191 iacobR
1094 4134 1429 4202 etom.,e.a.(m.1?r

285 4225 350 4278 odd.
374 4226 399 4278 Τ
468 4227 502 4278 23
522 4226 617 4278 inserti
636 4241 740 4278 ornnem
761 4225 786 4276 L
804 4227 1007 4278 miserationem
1028 4226 1083 4279 GT
1167 4227 1316 4294 amputatis
1335 4228 1431 4279 orat)
1537 4266 1538 4299 ,

284 4315 337 4366 iarn
357 4315 459 4383 putatia
479 4314 489 4366 l
498 4330 513 4367 r
531 4315 585 4367 ianr
605 4315 753 4382 amputatis
773 4331 799 4366 m
872 4314 1063 4368 infidelitatem
1081 4314 1114 4367 N
1437 4358 1441 4364 .
1537 4306 1538 4387 l
