3092 4959
469 362 733 431 epistularum
761 361 855 419 CXLI.
885 360 990 417 CXLII.
1238 365 1303 428 247

663 557 788 624 CXLII.

147 699 308 756 DOMINIS
328 697 594 754 DILECTISSIMIS
614 698 817 754 FRATRIBUS
836 697 1079 753 PRESBY'I'IIRIS
1095 697 1305 753 SATURNINO

147 791 197 845 ΕΤ
225 789 416 845 cucuma
443 787 490 842 ΕΤ
519 785 691 851 ccusstcls,
721 787 786 852 QUI
815 786 1002 843 VOBISCUM
1033 788 1083 841 AI)
1117 787 1306 842 UNI'I'ATEII

148 878 297 936 CHRISTI
314 876 511 943 Puerumque
531 875 712 932 CONVERSI
731 876 835 944 SUNT,
854 876 1085 932 AUGUSTINUS
1103 875 1304 932 EPISGOPUS

112 993 127 1033 5
527 966 568 1020 IN
582 965 728 1021 DOMINO
750 965 925 1020 SALUTEM.

197 1095 399 1160 Laetificeuit
417 1113 474 1160 nos
494 1096 601 1158 uester
620 1093 857 1173 aduentuque
877 1113 937 1158 uon
957 1112 1016 1158 uos
1036 1093 1180 1159 absentia
1198 1097 1306 1158 nestra

151 1202 329 1268 contristet.
347 1201 379 1264 in
402 1199 459 1264 illa
482 1201 566 1266 euim
585 1200 719 1264 ecelesia
738 1218 862 1278 sumus,
882 1218 962 1282 quae
985 1201 1123 1284 propitio
1143 1200 1212 1278 deo,
1230 1199 1306 1264 licet

148 1327 382 1392 usquequaque
409 1310 553 1390 porrecte
581 1309 614 1371 et
640 1310 709 1371 tota
739 1307 813 1370 orbe
843 1306 959 1372 diffusa
986 1308 1039 1385 sit,
1068 1327 1167 1372 uuum
1198 1310 1305 1372 temen

150 1436 277 1499 eorpus·
291 1419 342 1481 est
364 1434 514 1499 magnum
538 1414 634 1478 unius
660 1412 772 1496 capitis
796 1415 915 1497 magni,
935 1413 1020 1496 quod
1044 1419 1141 1498 caput
1163 1414 1232 1480 eius
1257 1418 1307 1480 est

97 1537 127 1576 ¹0
150 1525 223 1606 ipse
251 1523 401 1601 saluatur,
431 1521 516 1586 sieut
545 1521 709 1603 apostolus
739 1520 826 1586 dicit.
856 1520 894 1583 de
923 1521 1019 1586 huius
1051 1525 1159 1586 autem
1192 1521 1306 1603 cepitis

151 1629 394 1716 glarificatione,
427 1647 507 1711 quae
539 1630 614 1710 post
646 1627 714 1691 eius
746 1628 1010 1692 resurrectionem
1048 1627 1157 1692 future
1191 1629 1305 1704 fuerat,

150 1741 243 1804 tanto
263 1740 335 1801 ente
353 1737 510 1821 prophete
527 1733 695 1818 praedixit:
721 1733 895 1798 Ereltare
915 1752 1027 1818 super
1046 1734 1182 1812 caeles,
1203 1734 1305 1810 deus,

151 1849 196 1921 et,
217 1843 291 1925 quia
312 1842 368 1907 illo
393 1861 488 1925 super
512 1842 617 1907 caelas
641 1843 777 1906 exaltato
803 1842 940 1906 ecelesia
958 1843 1025 1906 eius
1046 1861 1172 1908 omnem
1189 1846 1306 1907 terrem

151 1951 284 2034 copiose
305 1949 499 2014 fecunditate
523 1949 626 2012 fuerat
647 1948 829 2029 impletura,
854 1950 1082 2031 consequenter
1110 1948 1195 2012 idem
1223 1948 1306 2031 psal-

95 2072 127 2112 1⁵
150 2076 226 2121 mus
241 2057 399 2121 adiunxit:
418 2055 467 2119 Et
486 2074 599 2136 super
619 2073 762 2119 omnem
781 2058 919 2118 terrem
939 2054 1062 2138 gloria
1076 2056 1149 2118 tua
1163 2055 1305 2138 proinde,

151 2163 364 2242 dilectissimi,
384 2163 491 2228 stabili
516 2165 622 2228 mente
643 2165 674 2226 et
692 2161 876 2227 firmissime
900 2162 993 2226 eorde
1018 2163 1077 2226 sub
1096 2165 1163 2226 tem
1181 2163 1304 2227 excelse

151 2271 258 2354 capite
285 2270 317 2334 in
346 2273 412 2334 tam
441 2269 579 2354 glorioso
609 2287 739 2352 corpore
766 2269 986 2351 persistemus,
1014 2269 1047 2332 iu
1076 2287 1139 2350 que
1166 2268 1305 2333 inuicem

150 2377 297 2442 membre
315 2395 438 2441 sumus.
464 2376 556 2453 unde,
577 2376 674 2440 etiam
694 2376 721 2440 si
739 2375 964 2440 remotissimis
984 2375 1077 2439 terris
1095 2393 1167 2440 mea
1184 2376 1306 2462 lengin-

151 2501 217 2565 qua
245 2486 332 2548 esset
359 2483 513 2560 absentie,
541 2483 573 2546 in
602 2482 657 2546 illa
687 2482 783 2546 simul
811 2501 965 2560 essemus,
995 2502 1014 2546 a
1040 2482 1133 2547 euius
1166 2485 1305 2566 eorporis

94 2609 128 2646 ευ
152 2590 277 2654 qutate
295 2589 442 2654 recedere
461 2608 521 2653 nen
541 2588 704 2654 debemus.
725 2589 752 2653 si
772 2589 855 2652 enim
875 2607 932 2653 nes
952 2607 1014 2653 une
1033 2589 1145 2654 damus
1164 2590 1304 2667 heberet,

149 2697 265 2777 utique
290 2696 387 2760 simul
411 2715 481 2760 esse
501 2695 691 2772 diceremur;
717 2699 833 2778 quanto
853 2696 956 2782 magis
975 2697 1073 2761 simul
1092 2716 1212 2777 sumus,
1232 2715 1305 2762 cum

145 2805 179 2868 iu
206 2821 269 2867 uua
296 2821 425 2884 carpere
450 2802 546 2866 simul
572 2805 698 2867 sumus!
725 2822 917 2885 quemquam
942 2803 1038 2868 etiem
1064 2805 1183 2869 inune
1210 2805 1304 2870 demo

144 2929 206 2976 nos
232 2928 303 3006 esse
326 2908 446 2973 ueritas
469 2909 540 2990 ipse
562 2911 709 2986 testatur,
730 2910 880 2990 quoniam
903 2913 1013 2974 saneta
1036 2909 1203 2993 scripture,
1224 2930 1304 2993 quse

239 3151 346 3221 suph.
366 3155 391 3211 5.
412 3153 458 3218 233
480 3151 537 3206 cu.
560 3151 583 3214 1,
606 3150 638 3205 re
695 3153 741 3217 12;
765 3154 797 3207 15
816 3153 861 3208 m.
882 3154 925 3218 ce,
947 3153 979 3207 12

256 3327 285 3380 Ρ
312 3351 346 3372 =
365 3327 422 3381 aad.
442 3327 594 3380 Parieiaae
611 3343 676 3381 aaa.
699 3343 756 3396 aeq.
777 3331 855 3381 1672
871 3345 894 3382 e.
913 3328 970 3382 IX.

263 3415 290 3468 V
313 3439 347 3460 =
367 3415 425 3471 cod.
450 3415 607 3469 Vaticanus
629 3418 688 3469 495
706 3433 727 3470 s.
747 3415 814 3469 XV.

262 3503 290 3557 U
313 3529 346 3550 =
366 3503 424 3558 cod.
449 3503 607 3558 Vaticanus
627 3507 687 3558 499
704 3521 727 3558 s.
746 3505 812 3558 XV.

239 3679 433 3734 Loaaaieaeee
455 3679 529 3733 tuaac
551 3680 699 3748 epistulam
717 3681 749 3733 ia
772 3680 921 3735 Vaticanis
943 3680 1145 3750 cacaptars'bae
1167 3687 1303 3750 repertam

138 3769 234 3840 primi
252 3767 407 3823 ediderunt.

183 3999 203 4050 3
223 3995 328 4049 eufrate
347 3995 375 4048 P
392 3995 490 4049 eufrati
514 3994 569 4050 VU
586 3995 646 4050 edet,
764 3996 913 4060 uobiscum,
934 4013 960 4049 a.
979 4013 1014 4049 m.
1033 3996 1175 4050 uobiscum
1194 3999 1259 4049 sunt
1277 3997 1305 4049 P

143 4085 293 4141 uobiscum
312 4087 376 4138 eunt
400 4083 453 4138 VU
471 4084 531 4137 edd.
582 4085 599 4138 4
619 4085 742 4138 conuersi
762 4087 836 4154 sunt]
857 4084 993 4138 conuersis
1016 4083 1073 4137 VU
1088 4084 1147 4139 edd.
1204 4085 1219 4137 7
1240 4100 1303 4139 cen·

143 4176 246 4230 tristet
269 4172 325 4227 VU
341 4172 374 4227 ts
437 4189 505 4242 quae
525 4189 576 4229 am.
595 4172 623 4227 P
668 4173 701 4227 10
722 4173 800 4243 dicit]
820 4175 861 4227 ait
883 4173 910 4227 U
953 4175 987 4227 15
1005 4176 1078 4227 terra
1095 4174 1123 4226 P
1168 4175 1201 4228 18
1221 4175 1303 4228 etiam

145 4266 184 4335 si]
208 4263 261 4316 etsi
284 4261 339 4316 VU
356 4262 415 4316 edat.
473 4263 505 4316 19
525 4263 550 4332 a]
569 4263 597 4315 in
621 4262 648 4316 U
705 4263 740 4316 22
759 4263 840 4316 simul
858 4263 890 4316 in
908 4264 964 4329 fiae
980 4279 1008 4317 a.
1028 4278 1080 4318 om.
1101 4263 1127 4316 P
1199 4263 1303 4319 etlsr
