3092 4959
237 244 257 304 4
588 236 614 290 S.
642 235 783 291 Aureli
810 235 1030 305 Augustini

236 447 348 493 uerum
381 426 476 491 etiam
511 426 611 490 sancti
648 424 705 489 filii
738 425 817 501 eius,
852 426 907 507 qui
939 425 999 490 hoc
1032 426 1128 489 etiam
1159 424 1229 508 ipsa
1266 428 1316 491 die
1351 428 1383 491 in

237 535 346 600 abside
370 534 523 598 dixerunt.
548 533 607 597 hos
632 551 717 616 ergo,
742 536 780 596 ut
806 532 880 609 dixi,
904 532 1007 615 magis
1036 531 1193 596 sanandos
1222 534 1259 598 ab
1287 534 1383 599 huius

236 641 323 707 modi
346 640 582 724 suspicionibus
607 659 701 722 quam
720 642 848 723 propter
871 640 929 703 has
948 639 1125 723 arguendos
1149 640 1305 708 existimo.
1330 642 1385 706 ubi

238 747 321 813 euim
353 748 444 812 uobis
473 766 491 811 a
519 746 619 830 spinis
646 746 766 810 talibus
800 746 954 839 securitas
988 748 1020 809 et
1050 747 1176 829 requies
1208 749 1384 832 praeparari

238 857 291 920 uel
314 855 457 939 praeberi
479 857 597 936 potest,
622 854 650 918 si
674 853 827 917 aduersus
851 872 908 917 uos
931 853 963 916 iu
990 856 1055 916 tam
1084 854 1203 918 sanctis
1232 855 1385 937 uobisque
1417 876 1433 915 s

239 962 411 1027 carissimis
441 960 589 1025 cordibus
617 960 736 1025 nostris
764 959 920 1042 pullulare
948 962 1102 1042 potuere?
1134 959 1171 1024 de
1203 964 1236 1023 te
1268 962 1385 1045 qnippe

238 1068 409 1153 inperitum
432 1068 551 1151 uulgus
571 1068 631 1132 hoc
650 1067 760 1143 sensit,
781 1065 819 1129 de
843 1066 935 1130 uobis
960 1066 1080 1130 lumine
1100 1068 1267 1142 ecclesiam
1291 1068 1385 1143 uude,

240 1174 316 1257 quid
339 1174 441 1258 magis
466 1174 635 1239 dolendum
660 1173 713 1251 sit,
736 1172 839 1237 uides.
875 1176 1043 1254 utrumque
1072 1175 1179 1237 autem
1206 1193 1267 1238 uon
1295 1192 1386 1238 aecu-

241 1281 375 1346 sandum
408 1298 521 1344 censeo
554 1279 611 1343 sed
643 1278 832 1354 sanandum3
870 1278 1013 1343 homines
1047 1279 1130 1343 enim
1167 1285 1242 1345 sunt
1280 1283 1312 1345 et
1348 1281 1385 1345 de

240 1386 422 1450 hominibus
446 1384 523 1449 talia
540 1384 618 1449 licet
635 1384 716 1448 falsa
739 1404 800 1449 nou
824 1387 929 1447 tamen
953 1384 1151 1449 incredibilis
1174 1386 1386 1470 suspicantur.
1405 1411 1433 1449 ιο

240 1514 311 1558 uam
326 1494 436 1575 utique
456 1510 633 1573 nouusque
653 1490 730 1555 adeo
750 1490 912 1571 desipiunt
930 1491 1011 1555 tales
1030 1492 1185 1570 homines,
1206 1496 1242 1556 ut
1261 1494 1387 1557 credaut

240 1600 393 1683 populum
421 1616 513 1662 suom
544 1596 720 1661 desiderare
748 1596 915 1679 pecuniam
944 1599 1129 1678 praesertim
1162 1599 1225 1662 iam
1258 1600 1385 1683 experti,

241 1705 325 1789 quod
353 1703 431 1768 nihil
459 1722 495 1766 ex
523 1722 559 1767 ea
582 1702 719 1786 populus
744 1702 949 1786 Tagastensis
973 1703 1162 1786 accepit-
1187 1705 1232 1768 sic
1257 1724 1331 1789 ergo
1356 1711 1388 1769 et

242 1810 467 1895 Hipponiensis
491 1834 545 1886 -;
565 1828 675 1872 uerum
696 1809 797 1873 omnis
818 1809 894 1873 haec
913 1809 1035 1873 inuidia
1054 1830 1114 1875 uon
1135 1811 1195 1875 nisi
1209 1813 1241 1875 in
1256 1812 1387 1877 ciericos

242 1922 367 1985 aestuat
390 1916 586 1997 maximeque
613 1916 645 1979 in
674 1916 851 1998 episcopos,
876 1936 1010 1998 quorum
1039 1918 1168 1983 uidetur
1193 1920 1434 2000 praemineres

243 2024 434 2101 dominatus,
465 2022 591 2105 quinti
618 2022 743 2104 fruique
770 2023 866 2087 rebus
895 2023 1048 2088 ecclesiae
1076 2029 1237 2108 tamquam
1265 2044 1388 2107 posses-

244 2132 330 2197 sore's
350 2133 382 2194 et
401 2130 520 2195 domini
539 2130 768 2194 existimantur.
789 2129 827 2193 ad
842 2130 936 2194 istam
955 2131 1161 2215 cupiditatem
1182 2136 1247 2197 tam
1265 2134 1387 2198 noriam

243 2242 338 2321 etque
360 2236 567 2314 mortiferam,
587 2236 615 2301 ei
633 2235 700 2299 fieri
724 2239 841 2317 potest,
862 2256 954 2301 mene
972 2237 1076 2319 stirpi,
1100 2257 1161 2302 non
1185 2240 1389 2304 aedificentur

242 2364 298 2427 per
321 2363 377 2408 nos
397 2343 521 2407 infirmi.
546 2342 721 2420 recordare,
742 2343 817 2424 quid
838 2344 936 2408 locuti
955 2344 1120 2421 fuerimus,
1140 2349 1308 2428 antequam
1326 2346 1389 2410 ista

243 2451 421 2533 temptatio,
441 2469 527 2532 qnae
556 2450 627 2532 plus
657 2449 696 2513 ad
725 2450 785 2514 hoc
813 2451 910 2533 cogit,
940 2451 1102 2515 accideret.
1131 2471 1167 2515 ex
1194 2453 1254 2517 hoc
1280 2454 1388 2535 potius
1407 2478 1435 2516 ao

244 2556 431 2623 conserendo
466 2556 636 2621 adiuuante
669 2556 796 2621 domino
829 2555 996 2639 prouidere
1029 2577 1180 2621 conemur
1211 2578 1267 2623 nec
1299 2560 1389 2624 nobis

245 2664 384 2729 sufficiat
398 2667 505 2728 nostra
525 2664 727 2741 conscientia,
744 2664 818 2745 quia
837 2683 897 2727 non
916 2664 991 2728 talis
1011 2682 1106 2729 cansa
1126 2669 1185 2743 est,
1204 2667 1259 2730 ubi
1279 2666 1392 2731 debeat

245 2771 313 2835 sola
336 2770 491 2835 sufficere.
512 2771 540 2835 si
559 2770 641 2834 euim
668 2772 751 2833 serui
776 2770 825 2834 dei
849 2790 908 2836 uou
933 2771 1057 2854 reprobi
1077 2791 1200 2850 eumue,
1221 2773 1247 2837 si
1271 2773 1391 2854 aliquid

244 2878 335 2961 uiget
362 2876 394 2941 in
423 2876 514 2941 nobis
544 2877 632 2940 illius
661 2878 805 2959 igniculi,
835 2896 896 2957 quo
928 2878 1078 2943 coritas
1113 2898 1184 2942 nou
1220 2879 1390 2962 quaerit.

246 3002 344 3065 quae
369 3002 439 3047 sua
464 2987 567 3060 sunt,
592 2983 758 3064 prouidere
784 2984 893 3065 utique
917 2984 1069 3049 debemus
1093 2985 1174 3050 bona
1197 3006 1258 3049 non
1286 2987 1389 3051 solum
1412 3012 1438 3052 as

245 3108 349 3154 coram
375 3090 432 3155 deo
457 3091 512 3154 sed
536 3090 630 3153 etiarn
655 3108 760 3155 coram
784 3090 975 3168 bominibus,
996 3110 1033 3155 ne
1054 3092 1257 3175 tranquillam
1277 3112 1391 3174 aquom

245 3196 389 3260 bibentes
413 3198 443 3259 in
468 3209 576 3260 nostra
600 3197 791 3261 conscientia
818 3197 951 3280 pedibus
980 3198 1115 3262 incautis
1144 3219 1236 3282 agere
1264 3200 1392 3264 conuin-

248 3320 364 3380 eumun
389 3308 425 3367 ut
450 3323 524 3368 oues
550 3303 724 3367 dominicae
749 3303 906 3366 turbidam
931 3305 1053 3368 bibant.

340 3578 406 3633 241
428 3579 486 3634 Cor.
508 3581 549 3647 13,
569 3582 584 3633 5
640 3582 674 3633 28
693 3581 768 3635 Hier.
788 3583 813 3648 ἱ),
835 3582 867 3635 18

285 3772 523 3825 letiumhocH
593 3773 651 3842 ipso
676 3772 729 3826 VU
775 3774 909 3828 2lrocY
961 3778 1144 3844 6potuerunt
1168 3776 1222 3829 VU
1275 3778 1393 3846 ‘iimpe-

250 3862 332 3915 ritnm
353 3862 723 3930 (post.iinrue.m.1)R
767 3863 799 3916 12
819 3880 896 3917 suum
919 3864 1128 3930 THRUsler
1167 3866 1397 3935 13acceperitH

252 3950 286 4003 14
305 3950 489 4019 Hipponensis
508 3950 567 4004 edd.
639 3954 671 4005 15
690 3953 873 4021 praeeminere
898 3952 924 4005 U
982 3956 1013 4007 16
1032 3970 1201 4023 possessores
1220 3957 1299 4022 (post.
1319 3972 1345 4007 ss
1363 3956 1395 4009 in

249 4038 367 4105 rue.)V
448 4040 480 4093 18
499 4042 535 4093 mi
555 4040 614 4094 edri.
697 4042 732 4096 ab
751 4043 793 4111 ex]
815 4046 843 4094 et
862 4046 885 4109 (t
903 4043 935 4095 in
954 4060 1008 4097 rae.
1029 4060 1061 4095 m.
1082 4046 1106 4107 1)
1131 4043 1157 4094 V
1234 4045 1267 4097 23
1287 4043 1395 4113 reprobi

248 4144 302 4180 non
322 4128 353 4180 H
407 4129 440 4181 28
460 4128 564 4196 uiuant,
585 4146 618 4183 m.
639 4136 653 4182 1
672 4147 741 4185 corr.
761 4131 859 4184 bibant
877 4131 904 4185 R
