3092 4959
268 389 334 452 374
626 387 654 444 S.
682 390 822 443 Aureli
848 389 1067 458 Augustini

268 584 355 664 gitur
376 585 489 648 nolens
513 584 616 647 uideri
641 583 785 662 humilis,
810 584 960 647 affectans
985 582 1211 647 humilitatem.
1245 583 1305 646 hoc
1337 582 1411 646 enim

268 690 299 751 in
318 689 439 755 talibus
460 690 739 755 obseruationibus
755 691 872 773 agitur,
888 699 927 754 ut
941 710 995 754 cor
1008 689 1147 754 hominis
1162 690 1255 753 uelut
1268 690 1412 773 religione

268 797 389 861 humile
412 797 572 862 reddatur.
597 798 720 861 addidit
744 801 852 862 autem
881 802 914 861 et
946 798 1104 861 culturam
1137 798 1326 880 augelorum
1356 797 1412 859 uel.

268 902 353 967 sicut
371 903 472 967 uestri
491 903 616 967 codices
637 904 765 981 habant,
786 904 974 987 religionem
989 903 1185 985 angelorum,
1201 921 1283 983 quae
1303 901 1413 967 Graece

267 1005 420 1092 θρησκεία
448 1009 573 1089 dieitur,
606 1011 737 1093 angelos
769 1012 882 1074 uolens
915 1010 1063 1093 intellegi
1099 1010 1308 1092 principatus,
1341 1028 1446 1091 quoss

268 1114 496 1180 elementorum
523 1117 633 1181 muudi
657 1117 753 1180 huius
777 1118 978 1200 praepositos
1006 1116 1038 1179 in
1063 1115 1112 1180 his
1142 1116 1412 1180 obseruationibus

268 1221 417 1286 colendos
443 1240 514 1286 esse
538 1222 741 1285 arbitrantur.

140 1398 142 1403 ,
201 1319 243 1381 28
313 1326 427 1393 Nemo
453 1347 526 1413 ergo
557 1348 631 1407 aros,
664 1330 779 1412 inquit,
815 1329 1032 1405 conuincat,
1067 1348 1141 1391 cum
1174 1328 1247 1391 sitis
1285 1347 1412 1411 corpus

270 1434 426 1510 Christi,
461 1436 594 1500 uolens
627 1436 729 1500 uideri
763 1436 896 1501 humilis
933 1436 1027 1500 corde
1060 1436 1097 1499 iu
1130 1435 1282 1499 cultura
1315 1454 1412 1518 ange-

268 1544 400 1620 lorum,
432 1562 527 1625 quae
560 1563 629 1607 non
657 1544 759 1607 uidit
791 1544 990 1608 inculcans
1016 1542 1081 1615 uel,
1105 1542 1192 1607 sicut
1214 1542 1343 1623 qnidam
1367 1561 1410 1605 co·
1426 1557 1445 1593 10

269 1648 356 1713 dices
385 1650 511 1727 habent,
546 1670 639 1733 quae
673 1650 773 1713 uidit
804 1650 1014 1714 inculcans.
1045 1652 1102 1736 aut
1126 1648 1210 1713 enim
1240 1649 1287 1712 sic
1317 1648 1411 1711 dicere

269 1757 387 1819 uoluit:
418 1754 518 1835 Quae
547 1776 617 1822 non
645 1757 745 1821 uidit
775 1757 985 1833 inculcans
1011 1756 1085 1837 quia
1108 1756 1172 1819 ista
1199 1755 1344 1818 homiues
1366 1773 1411 1817 su-

269 1862 466 1944 spicionibus
492 1868 524 1927 et
547 1864 749 1948 opinionibus
775 1867 883 1947 agunt,
906 1882 969 1928 non
997 1862 1083 1945 quod
1110 1862 1251 1926 uiderint
1277 1862 1323 1926 ita
1349 1880 1410 1923 esse

268 1970 421 2048 iacienda,
456 1978 512 2035 aut
544 1974 643 2035 certe:
679 1968 780 2048 Quae
817 1970 919 2034 uidit
954 1970 1167 2050 inculcans,
1200 1968 1274 2033 ideo
1306 1984 1409 2050 magna

268 2077 465 2155 existimans,
491 2076 565 2159 quia
587 2078 672 2142 uidit
696 2097 731 2141 ea
756 2078 948 2159 quibusdam
971 2077 1052 2141 locis
1073 2076 1236 2140 obseruari
1256 2075 1295 2139 ab
1318 2072 1442 2138 homi-1⁵

270 2184 374 2259 uibus,
400 2203 533 2265 quorum
564 2184 748 2249 auctoritati
782 2184 914 2248 haberet
944 2184 1041 2248 fidem
1074 2183 1171 2248 etiarn
1203 2181 1326 2246 ratione
1356 2198 1407 2243 nou

267 2290 401 2365 reddita,
426 2295 458 2355 et
480 2292 552 2355 ideo
578 2292 639 2355 sibi
664 2311 800 2376 magnus
821 2292 957 2368 uidetur,
978 2292 1053 2373 quia
1076 2290 1105 2355 ei
1129 2274 1267 2372 contigit
1284 2282 1408 2370 quorun·

268 2398 340 2463 dam
366 2417 529 2462 sacrorum
553 2399 661 2462 uidere
686 2401 820 2463 secreta.
845 2398 902 2463 sed
925 2399 1050 2480 plenior
1077 2416 1191 2461 sensus
1220 2401 1284 2461 est:
1318 2392 1408 2472 Quae

268 2525 337 2569 non
357 2506 459 2570 uidit
477 2506 676 2572 inculcans
697 2506 841 2570 frustra
861 2506 1025 2571 inflatus
1041 2510 1164 2569 mente
1180 2504 1304 2567 earnis
1318 2519 1407 2567 suae.

268 2612 457 2677 mirabiliter
492 2613 538 2676 ibi
571 2632 644 2676 eum
679 2612 758 2676 dixit
789 2613 936 2677 inflatum
968 2617 1075 2676 mente
1107 2611 1210 2675 carnis
1244 2628 1331 2686 suae,
1361 2604 1440 2669 uhi*

268 2718 513 2783 thelohumilem
538 2738 635 2801 supra
658 2719 791 2793 dixerat3
825 2717 863 2781 fit
895 2719 980 2782 enim
1008 2718 1098 2782 miris
1122 2716 1227 2781 modis
1256 2716 1288 2778 in
1317 2714 1407 2777 anima

268 2826 417 2903 hominis,
442 2830 480 2890 ut
504 2826 542 2891 de
565 2827 648 2890 falsa
670 2826 854 2890 humilitate
873 2825 976 2910 magis
1000 2825 1138 2899 infletur,
1159 2843 1257 2905 quam
1280 2821 1308 2885 si
1331 2836 1407 2902 aper·

268 2933 334 2996 tius
368 2934 557 3015 superbiret.
602 2937 638 2997 et
670 2953 740 2997 non
773 2936 918 3010 tenens,
954 2933 1070 3015 iuquit,
1104 2936 1218 3014 caput
1256 2969 1299 2977 —
1335 2926 1408 3013 quod

360 3213 376 3266 3
397 3212 454 3267 Col.
474 3214 499 3277 2,
521 3214 553 3265 18
609 3218 638 3276 tl;
660 3211 705 3275 183
726 3212 761 3265 23
782 3210 839 3267 Col.
859 3211 884 3273 2,
905 3210 1012 3265 17-20

307 3408 323 3459 2
342 3407 369 3459 in
389 3422 439 3459 erra..
460 3422 486 3457 m
577 3404 814 3458 obseruationibus
835 3406 876 3468 (rb
896 3406 927 3457 a'n
945 3422 1001 3458 rac.
1020 3422 1055 3458 nr.
1073 3406 1233 3471 recentiore)
1252 3404 1285 3458 K
1334 3406 1350 3457 3
1366 3402 1408 3455 hu·

271 3497 328 3549 ouili
347 3496 385 3548 M
431 3495 626 3563 langelorurn
646 3508 696 3549 om.
716 3494 749 3547 K
798 3495 953 3548 5threscia
971 3496 1049 3549 codd.
1100 3495 1285 3550 ‘larbitretor
1302 3494 1333 3547 Η
1348 3492 1409 3546 arbi·

270 3589 358 3638 tuetur
376 3586 404 3637 A
459 3585 585 3652 Sinquit
603 3600 652 3637 uos
671 3584 707 3637 M
778 3584 869 3651 inquit
887 3600 938 3638 om.
961 3584 987 3638 G
1041 3584 1194 3638 9hunriles
1213 3586 1240 3637 A
1296 3585 1329 3637 10
1344 3579 1411 3635 uider

270 3674 329 3726 HA
405 3675 434 3727 ll
457 3673 547 3725 dicere
566 3672 605 3725 sic
624 3672 659 3725 M
733 3673 765 3724 12
785 3690 837 3726 non
858 3672 1153 3741 nuidit(nc2p.)V
1227 3671 1413 3728 hominesieta

271 3763 332 3817 edd.
405 3763 466 3815 istie
486 3761 625 3815 PistiG
700 3762 732 3815 13
751 3762 873 3815 uiderint
890 3766 917 3829 (n
936 3779 958 3815 s.
977 3780 1004 3815 u,
1023 3779 1059 3818 en.
1078 3765 1103 3828 1)
1126 3763 1153 3815 V
1221 3764 1344 3832 italista
1359 3756 1413 3812 edd.

273 3851 526 3905 lucernariam
600 3850 674 3919 ideo]
693 3850 721 3902 id
742 3856 785 3903 est
807 3850 876 3904 Vm
969 3852 1001 3904 lu
1021 3850 1054 3904 ab
1074 3852 1199 3905 omnibus
1218 3844 1415 3906 homiuibusll

271 3942 305 3993 ah
325 3941 461 4011 aliquibus
476 3940 630 3993 hominibus
645 3940 671 3991 A
691 3940 757 3992 alibi
777 3941 811 3993 ah
831 3940 956 3993 omnihus
976 3940 1132 3993 homiuibus
1144 3941 1182 3993 M
1199 3942 1267 3995 alibi
1284 3942 1317 3994 ab
1334 3936 1415 3992 homi-

270 4030 349 4083 nibus
370 4030 431 4083 edd.
488 4030 520 4082 17
540 4027 657 4092 uidetur,
676 4045 710 4081 m.
731 4032 750 4081 2
769 4028 910 4081 uideretur
931 4030 956 4083 G
1034 4030 1170 4098 contingit
1187 4030 1286 4083 HMV
1301 4032 1377 4097 (port.
1397 4042 1413 4075 ¹¹

270 4122 342 4186 exp.)
436 4120 467 4171 18
491 4118 604 4186 plenior.
629 4134 663 4173 nr.
685 4118 734 4169 2r
757 4116 865 4185 planior
888 4118 916 4169 P
936 4118 1044 4187 planior
1071 4118 1097 4169 l'
1116 4118 1234 4187 plenius,
1257 4136 1293 4171 m.
1314 4121 1328 4169 1
1349 4128 1411 4169 corr.

272 4207 377 4275 plenior
395 4206 431 4259 M
484 4206 610 4274 2011111111
633 4204 743 4259 cuurK
798 4213 890 4259 mente
910 4224 971 4264 ona,
990 4224 1025 4260 m.
1045 4210 1065 4260 2
1084 4206 1149 4261 add.
1169 4207 1202 4259 Η
1254 4202 1411 4271 aemonis.

273 4314 305 4348 111.
326 4298 345 4349 2
364 4296 452 4364 magis
471 4294 503 4347 K
573 4298 707 4365 aperteus,
727 4312 760 4347 m.
781 4300 796 4347 l
815 4312 884 4350 corr.
904 4296 1074 4366 apertiusl'
1126 4296 1162 4349 23
1182 4298 1221 4365 et]
1241 4313 1256 4349 e
1279 4295 1304 4346 1⁷

1535 4283 1537 4378 ,
