3092 4959
495 378 756 446 epistularum
785 376 918 431 CXXVII.
1236 381 1279 444 27

127 592 253 657 super
276 575 444 655 petram.
469 572 535 653 qui
560 576 690 636 autem
716 572 831 636 audit
855 572 977 637 uerba
1004 592 1088 637 mea
1115 574 1213 638 haee
1241 578 1282 638 et

126 699 202 745 non
231 679 336 743 facit
364 697 416 758 ea,
446 678 636 743 similabo
667 697 751 743 enm
782 678 869 742 uiro
904 681 1047 759 stulto,
1076 680 1143 763 qui
1177 680 1279 745 aedi-

127 786 283 851 sieauit
321 784 476 850 domum
515 804 624 850 suam
662 804 783 868 super
820 786 1022 851 harenam:
1066 786 1281 851 deseendit

127 894 283 978 pluuia,
313 896 512 957 uenerunt
540 893 719 971 flumina,
749 892 963 957 fleuerunt
995 894 1108 957 uenti
1142 897 1181 959 et
1214 894 1278 957 im-

92 1004 332 1085 ⁵pegerunt
359 999 396 1063 in
426 1000 581 1065 domum
609 1000 723 1063 illam
753 1004 793 1064 et
821 1000 976 1063 oeoidit
1004 1004 1041 1064 et
1074 1001 1184 1065 faeta
1217 1005 1280 1065 est

127 1108 247 1172 ruina
275 1108 362 1171 eins
391 1126 539 1191 magna.
573 1106 681 1171 audire
710 1126 783 1191 ergo
812 1108 908 1171 uerba
939 1108 995 1171 illa
1022 1107 1187 1172 aedificare
1214 1111 1278 1183 est,

125 1216 161 1279 in
184 1214 246 1279 boo
269 1213 394 1297 utrique
419 1232 507 1295 pares
533 1217 617 1289 stunt,
641 1214 672 1276 in
697 1214 841 1305 faeiendo
866 1218 971 1278 autem
995 1217 1028 1279 et
1046 1234 1106 1279 non
1125 1213 1278 1291 faciendo,

127 1320 215 1403 quod
248 1320 391 1395 audiunt,
424 1324 546 1384 tantum
580 1320 732 1403 dispares,
766 1325 920 1402 quantum
957 1320 1135 1385 aedilitium
1172 1325 1281 1405 petrae

127 1427 292 1493 soliditate
316 1427 482 1492 fundatum
507 1427 614 1508 dispar
637 1430 687 1491 est
710 1427 749 1503 ei,
774 1427 859 1509 qnod
887 1427 954 1491 siue
983 1428 1048 1491 ullo
1072 1427 1278 1492 fundamento

80 1550 108 1589 1⁰
126 1533 216 1599 faoili
234 1532 366 1598 harenae
385 1533 562 1597 mobilitate
581 1533 789 1600 subuertitnr.
809 1552 866 1597 neo
884 1532 967 1607 ideo,
987 1534 1133 1616 quisquis
1153 1533 1280 1598 omnino

127 1660 191 1704 non
215 1640 314 1717 audit,
338 1639 441 1704 tutius
465 1640 526 1704 sibi
550 1640 670 1721 aliquid
694 1644 870 1723 eomparat3
899 1639 979 1703 nihil
1002 1640 1086 1703 enirn
1111 1640 1278 1704 aedificans

129 1748 197 1811 sine
222 1747 288 1812 ullo
312 1750 397 1813 teoto
421 1747 524 1811 multo
548 1746 675 1811 facilius
699 1746 892 1821 obruendus,
911 1745 1081 1828 rapiendus
1105 1752 1138 1811 et
1161 1745 1278 1829 disper·-

127 1852 252 1937 gendus
276 1852 440 1931 imbribus,
464 1852 573 1917 fluuiis
597 1853 766 1935 dentisque
791 1852 935 1918 donatur.

31 1958 52 2019 8
174 1960 308 2025 Possem
336 1960 430 2024 etiam
458 1978 514 2041 pro
544 1959 673 2024 modulo
702 1978 772 2023 meo
806 1960 933 2023 eosdem
966 1960 1054 2042 ipsos
1087 1960 1280 2043 pertinentes

81 2080 108 2122 ¹⁵
128 2067 170 2131 ad
195 2065 351 2131 dexteram
375 2086 570 2150 regnumque
594 2065 752 2131 caelorum
776 2066 808 2129 in
832 2066 899 2129 suis
924 2066 1075 2149 gradibus
1093 2066 1281 2149 meritisque

129 2173 326 2257 distinguere
349 2178 443 2255 atque
467 2173 643 2251 ostendere,
668 2192 730 2255 quo
755 2173 879 2237 differet
901 2172 969 2236 nita
992 2172 1168 2255 coniugalis
1195 2172 1278 2237 filios

129 2280 362 2363 prooreantium
382 2285 506 2365 patrum
527 2283 726 2363 matrumque
745 2280 884 2343 familias
903 2298 1016 2343 uermn
1034 2283 1139 2343 tamen
1154 2278 1281 2362 religio·

129 2406 240 2452 sorum
264 2406 301 2451 ae
324 2388 446 2471 piorum
472 2388 509 2451 ab
534 2406 570 2451 ea
594 2386 671 2465 uita,
692 2406 787 2469 quarn
811 2406 870 2451 uos
894 2386 951 2450 deo
977 2387 1124 2465 muisdia,
1145 2385 1172 2451 si
1196 2406 1279 2451 nuno

129 2495 263 2559 adeam
288 2494 466 2559 uouendam
495 2493 705 2558 exhortandus
735 2512 836 2567 essem
871 2494 926 2558 sed
956 2494 1030 2576 qnia
1057 2495 1119 2557 iam
1148 2494 1280 2568 uenisti,
1347 2532 1354 2541 ·

81 2616 109 2655 ²⁰
128 2602 194 2666 iam
227 2604 259 2666 te
291 2600 498 2679 obstrinxisti,
531 2600 618 2664 aliud
651 2601 710 2665 tibi
742 2602 844 2664 faeere
876 2620 937 2664 non
969 2600 1056 2665 lieet.
1094 2601 1278 2684 priusquam

129 2728 219 2774 esses
243 2708 310 2773 noli
333 2726 416 2784 reus,
440 2708 576 2773 liberum
599 2708 671 2787 suit,
691 2726 753 2790 quo
778 2726 865 2770 esses
888 2708 1026 2786 inferior,
1047 2708 1194 2791 quamuis
1217 2726 1279 2771 non

167 2952 179 3005 l
203 2968 284 3020 supra
302 2950 390 3004 ΕΜΔ
409 2951 470 3005 add.
489 2968 540 3007 see.
564 2950 642 3019 Vulp.
698 2950 764 3018 adit,
785 2967 819 3007 m.
838 2954 854 3003 1
872 2967 941 3005 corr.
961 2950 1038 3005 audit
1056 2950 1093 3004 M
1130 2952 1148 3005 3
1167 2950 1278 3004 descen·

128 3040 172 3094 dit
191 3064 206 3089 ι
219 3044 247 3109 (a
265 3042 345 3106 erae.)
364 3039 458 3109 pluuia
476 3040 512 3093 P¹
558 3042 575 3093 4
595 3044 701 3101 uerunt,
721 3056 754 3092 m.
774 3044 790 3093 1
808 3057 877 3094 corr.
897 3044 1031 3094 uenerunt
1048 3040 1086 3095 M
1145 3042 1230 3106 bpro
1249 3041 1277 3093 in

129 3145 203 3195 ναις
217 3129 304 3195 fuisse
321 3128 380 3181 nid.
399 3128 427 3181 in
447 3126 483 3181 P¹
566 3126 644 3181 doma
663 3128 694 3181 Ε
781 3130 881 3197 (tergo
901 3145 951 3183 om.
971 3129 1060 3183 HPE
1129 3128 1177 3181 ills
1196 3128 1279 3181 uerba

127 3216 277 3271 1MA01>²
294 3217 354 3273 edd.
427 3218 583 3286 Stantnm]
603 3218 630 3270 ia
650 3218 799 3271 tantumG
865 3218 955 3287 dispar
974 3222 1017 3272 est
1034 3219 1090 3272 IM
1104 3219 1149 3288 (m.
1168 3224 1201 3271 ut
1218 3217 1277 3271 aoid.

129 3310 150 3361 2
168 3306 300 3375 dispares)
318 3306 384 3360 AP²
402 3310 469 3375 (raa.
489 3312 515 3361 at
533 3322 601 3361 corr.
621 3324 655 3363 m.
672 3310 691 3359 2
709 3307 840 3375 dispares)
913 3306 1052 3361 aedilicia·
1065 3307 1103 3359 M
1150 3308 1166 3361 9
1185 3306 1280 3360 solidi·

126 3399 206 3449 tatae
229 3394 281 3463 (dit
302 3394 334 3449 in
355 3412 411 3452 ras.
438 3396 499 3449 alia
522 3412 563 3461 m,·
586 3412 602 3449 a
625 3402 690 3449 ante
714 3412 727 3449 e
751 3397 816 3462 del.)
838 3396 873 3449 H
892 3396 1059 3450 soliditatem
1078 3397 1098 3449 1
1119 3395 1236 3450 solidate
1257 3396 1280 3449 C

166 3486 200 3546 ei,
219 3485 269 3539 aad
285 3486 294 3538 i
308 3490 408 3553 postea
427 3488 471 3553 (m.
491 3490 506 3539 1
526 3484 550 3551 ἓ)
571 3485 636 3539 add.
656 3491 681 3538 et
698 3502 781 3553 super
800 3502 814 3539 e
833 3502 902 3539 eras.
916 3485 974 3540 uid.
990 3508 1024 3529 ω
1038 3485 1076 3537 Μ
1110 3486 1144 3538 10
1157 3484 1278 3538 faciliore

129 3572 367 3627 namabilitateC
437 3574 583 3628 nobilitate
603 3576 629 3626 A
702 3575 897 3627 subuertnntnr
916 3574 942 3625 P
1024 3574 1054 3627 ll
1075 3576 1161 3627 totius
1180 3573 1280 3626 MOP²

128 3664 173 3729 (m.
196 3661 330 3729 2tutius)
385 3661 512 3716 aedificat
531 3660 618 3715 HPE
659 3664 691 3715 12
711 3663 856 3732 rapiendus
876 3662 1029 3717 obruendus
1048 3663 1135 3716 HPE
1176 3663 1208 3716 13
1226 3662 1277 3715 iin-

128 3752 195 3819 niis]
215 3750 315 3820 pluuiis
334 3751 393 3804 ΗΡ
446 3751 486 3821 dol,
518 3754 611 3815 (natur
629 3752 660 3804 in
678 3752 732 3819 fine
746 3752 931 3820 papamet}
968 3754 1000 3805 14
1019 3752 1119 3821 possim
1134 3748 1281 3804 IMAGP²

127 3841 190 3895 edd.
205 3846 319 3909 praeter
335 3856 362 3894 m
419 3840 451 3895 15
470 3840 584 3903 meritis,
603 3856 671 3896 corr.
693 3850 737 3905 (m.
757 3846 772 3893 1
792 3840 816 3906 ,9)
835 3840 1017 3909 meritiqu
1071 3842 1101 3893 16
1122 3839 1278 3894 ostenderet

128 3929 193 3993 (dcl.
209 3934 297 3997 postr.
319 3930 348 3995 l.)
366 3928 400 3983 Η
417 3928 548 4000 ostendet,
568 3945 635 3983 corr.
655 3933 699 3997 (m.
719 3932 734 3982 1
753 3928 778 3990 ?)
798 3928 941 3983 ostendere
961 3930 997 3981 M
1103 3929 1174 3997 quod
1194 3929 1277 3983 121111

128 4016 194 4087 quid
214 4016 273 4070 ΗΡ
327 4020 450 4083 uitaa(m
469 4022 550 4083 eras.)
569 4017 606 4070 P²
644 4018 883 4085 limalrnmlom.
904 4020 966 4088 que)
985 4018 1022 4070 M
1072 4019 1175 4086 tamen]
1196 4022 1226 4069 ta
1244 4018 1279 4069 M

129 4104 430 4173 lsaoc(herae.)1³²
537 4107 570 4159 ab
591 4106 918 4175 ealabeataAP²ae
1029 4108 1059 4159 19
1079 4106 1282 4159 uouendnmE'

162 4194 211 4249 sed
231 4212 282 4253 om.
301 4194 391 4249 ΗΡΕ
441 4196 477 4249 20
495 4195 700 4249 obstrinxistidi
715 4196 745 4248 E
798 4197 830 4247 21
852 4213 924 4248 esses
943 4210 1004 4261 om,
1019 4212 1052 4247 aa
1068 4200 1087 4248 2
1102 4195 1165 4247 odd.
1187 4195 1281 4247 esseI

162 4284 278 4338 liberum
298 4284 351 4337 tibi
371 4284 424 4338 fuit
443 4284 530 4337 HPE
602 4288 677 4353 esse[,
698 4302 730 4341 m.
753 4288 771 4336 2
791 4302 863 4338 esses
884 4284 921 4337 P²
