3092 4959
244 487 263 549 6
600 487 1037 557 &derelinquerint

241 680 356 755 lutum,
397 680 471 763 quia
507 684 580 763 post
616 682 804 747 iurationem
841 683 916 748 ficta
953 683 1059 747 neseio
1097 702 1159 765 qua
1195 681 1384 745 necessitate

241 785 385 852 redierat.
409 787 454 852 ita
473 807 534 852 non
555 789 772 865 adtenderent,
793 790 847 872 qui
867 810 940 854 eum
959 793 1071 854 senatu
1090 775 1382 872 pepulerunt,'quid

241 892 311 976 ipsc
338 894 469 959 iurando
499 895 681 979 cogitasset,
706 896 762 959 sed
791 896 866 978 quid
900 898 938 960 ab
970 898 1038 972 illo,
1070 896 1186 979 quibus
1217 896 1383 967 iurauerat,

242 1002 447 1083 expectarent.
476 1019 533 1065 nec
559 1002 712 1085 legerant,
742 1002 827 1085 quod
853 1022 911 1067 nos
943 1021 1172 1085 usquequaque
1205 1005 1383 1066 cantamus:

243 1104 316 1185 Qui
344 1106 454 1171 iurat
480 1108 657 1191 proximo
687 1127 757 1173 suo
788 1110 826 1172 et
854 1128 927 1173 non
953 1109 1117 1190 decipit.
1142 1110 1283 1173 solemus
1306 1107 1384 1171 haec
1418 1127 1434 1167 e

242 1214 387 1295 quamuis
411 1214 442 1277 in
466 1214 647 1279 hominibus
669 1234 686 1278 a
705 1214 824 1281 Christi
847 1216 951 1299 gratia
973 1218 1006 1279 et
1027 1216 1152 1280 nomine
1177 1215 1288 1278 alienis
1312 1232 1384 1278 curn

239 1318 359 1405 ingenti
382 1320 588 1386 admiratione
610 1320 753 1403 laudare3
780 1326 812 1385 et
835 1323 937 1387 adhuc
960 1322 992 1385 in
1019 1323 1109 1387 libris
1140 1322 1257 1386 diuinis
1283 1320 1385 1402 inqui-

239 1426 371 1491 rendum
394 1430 556 1510 putamus,
575 1431 683 1492 utrum
701 1428 869 1511 aliquando
892 1428 981 1494 licite
1004 1429 1191 1510 peieremus,
1210 1428 1265 1494 ubi
1284 1428 1384 1506 nobis,

240 1554 279 1599 ne
301 1534 426 1599 iurandi
448 1534 601 1599 facilitate
624 1535 655 1599 in
679 1536 852 1618 periurium
882 1536 1092 1620 prolabamur,
1117 1537 1213 1601 etiam
1240 1554 1384 1619 praecep·

240 1646 307 1706 tum
332 1648 390 1721 est,
415 1661 452 1707 ne
476 1644 641 1707 iuremus?
1401 1665 1430 1702 ro

196 1742 215 1803 4
283 1749 369 1814 Illud
393 1768 467 1815 sano
490 1750 668 1814 rectissime
687 1748 750 1814 dici
769 1768 830 1813 non
849 1749 987 1834 ambigo,
1007 1770 1068 1815 non
1092 1748 1266 1815 secundum
1289 1749 1385 1812 uerba

239 1856 372 1921 iurantis
397 1856 453 1921 sed
477 1855 651 1921 secundum
676 1857 924 1938 expectationem
943 1856 1043 1933 illius,
1064 1858 1115 1921 cui
1138 1857 1270 1934 iuratur,
1290 1874 1383 1937 quam

241 1962 331 2027 nouit
366 1962 430 2041 illc,
465 1964 518 2045 qui
555 1962 649 2043 iurat,
686 1962 781 2027 fidem
813 1963 979 2028 iurationis
1011 1962 1147 2045 impleri.
1179 1982 1250 2026 narn
1289 1962 1386 2026 uerba

240 2068 426 2134 difficillime
451 2068 719 2153 comprehendunt
742 2069 877 2133 maxime
903 2070 1043 2135 breuiter
1071 2069 1269 2145 sententiam,
1294 2067 1384 2132 carius

240 2177 398 2241 eiurante
421 2175 499 2241 fides
519 2176 664 2261 exigitur.
689 2176 771 2240 unde
795 2176 913 2259 periuri
936 2179 1020 2254 sunt,
1041 2176 1095 2259 qui
1119 2176 1255 2240 seruatis
1279 2174 1384 2239 uerbis
1404 2196 1431 2235 re

240 2282 488 2366 expectationem
526 2302 646 2361 eorum,
685 2283 802 2366 quibus
838 2277 978 2349 iuratum
1016 2287 1075 2361 est,
1116 2282 1316 2365 deceperunt,
1354 2284 1385 2345 et

240 2390 355 2472 periuri
382 2410 442 2454 non
473 2393 556 2465 sunt,
585 2390 640 2472 qui
667 2390 763 2453 etiam
791 2389 898 2454 uerbis
927 2408 988 2454 non
1017 2390 1154 2454 seruatis
1182 2388 1273 2465 illud,
1302 2387 1385 2469 quod

239 2496 276 2560 ab
310 2497 367 2573 eis,
400 2516 471 2561 cum
503 2496 652 2571 iurarent,
682 2500 880 2579 expectatum
914 2502 973 2574 est,
1001 2496 1223 2578 impleuexunt.
1256 2493 1385 2578 proinde

239 2602 313 2685 quia
330 2602 563 2686 Hipponienses
583 2606 728 2668 sanctum
748 2602 914 2667 Pinianum
935 2622 994 2667 non
1015 2602 1100 2667 sicut
1123 2602 1307 2666 damnatum
1330 2599 1385 2665 sed

240 2709 323 2773 sicut
338 2710 536 2774 carissimum
556 2709 801 2773 inhabitatorem
821 2728 897 2773 suae
912 2707 1054 2773 ciuitatis
1071 2709 1185 2773 habere
1204 2707 1385 2782 uoluerunt,
1402 2728 1431 2769 eo

239 2816 300 2881 etsi
332 2816 439 2881 uerbis
472 2815 540 2880 eius
573 2835 633 2880 non
667 2816 744 2880 satis
774 2814 998 2898 comprehendi
1030 2815 1145 2899 potuit,
1173 2833 1274 2897 usque
1307 2813 1383 2877 adeo

238 2926 343 2987 tamen
370 2922 402 2985 in
430 2925 580 3005 promptu
611 2924 669 3001 est,
698 2921 774 3003 quid
802 2922 840 2986 ab
870 2921 925 2985 illo
954 2921 1198 3003 expectauerint‚
1225 2926 1271 2997 ut,
1300 2920 1384 3003 quod

238 3048 320 3093 nune
343 3033 417 3111 post
439 3028 626 3093 iurationem
648 3028 762 3093 absens
787 3031 845 3103 est,
865 3026 1020 3092 neminem
1044 3031 1172 3092 moueat
1191 3046 1309 3104 eorum,
1330 3026 1383 3109 qui

238 3134 347 3199 audire
370 3136 542 3219 potuerunt
565 3138 650 3199 certa
674 3154 745 3199 eum
766 3153 862 3199 eausa
885 3134 1101 3217 profecturum
1130 3154 1199 3199 esse
1228 3152 1300 3198 oum
1328 3152 1383 3197 uo-

237 3242 360 3306 luntate
383 3241 545 3307 redeundi.
570 3260 604 3305 ac
624 3260 680 3323 per
697 3242 757 3306 hoc
776 3242 921 3323 periurus
940 3258 997 3305 nec
1016 3241 1076 3305 erit
1094 3260 1150 3305 nec
1171 3240 1209 3305 ab
1229 3241 1274 3304 eis
1294 3245 1385 3323 puta·
1401 3258 1429 3301 aa

237 3348 334 3427 bitur,
354 3348 416 3414 nisi
435 3367 543 3413 eorum
562 3348 810 3430 expectationem
831 3348 1004 3430 deceperit;
1028 3367 1090 3413 non
1110 3352 1215 3413 autem
1237 3347 1384 3429 decipiet,

239 3456 300 3520 nisi
335 3459 391 3520 aut
422 3456 620 3519 uoluntatem
648 3455 821 3519 mutauerit
858 3455 942 3538 apud
976 3474 1029 3519 eos
1056 3453 1219 3519 habitandi
1247 3457 1304 3517 aut
1330 3452 1384 3517 ali-

238 3563 362 3646 quando
392 3562 577 3628 discesserit
603 3563 671 3627 sine
700 3562 907 3645 dispositione
934 3561 1095 3640 redeundi,
1123 3562 1207 3645 quod
1235 3561 1318 3625 absit
1345 3561 1383 3624 ab

328 3823 407 3878 ers.
429 3822 507 3889 rae
562 3822 696 3876 Sueten.
716 3824 741 3885 5,
761 3822 796 3876 ar

273 3948 290 4002 3
310 3947 459 4017 cogitasset
477 3943 535 4016 sed]
557 3946 707 4015 cogitasset
725 3944 871 4015 cogitando
889 3946 1007 3999 iurasset
1025 3944 1074 4000 sed
1094 3946 1120 3999 Τ
1213 3946 1246 3999 ab
1266 3963 1336 4000 erce.
1360 3946 1384 3998 V

273 4036 314 4090 illi
333 4040 431 4105 (poste.
453 4036 469 4089 l.
489 4034 521 4088 ia
538 4051 594 4088 rae.
613 4050 647 4088 m.
668 4038 697 4094 2>
722 4034 749 4087 V
791 4035 951 4104 elegerent
973 4034 1000 4087 U
1043 4036 1058 4087 7
1079 4035 1294 4102 annuntiatione,
1313 4050 1382 4087 corr.

238 4124 474 4179 ammirationeV
516 4126 548 4177 13
567 4123 619 4177 iste
644 4124 698 4177 VU
740 4124 771 4177 15
792 4124 942 4193 pemri,m.
962 4130 978 4177 1
998 4124 1237 4193 comperiendi
1277 4125 1382 4177 iinon

238 4214 353 4269 seruatis
372 4212 511 4267 uerbisT
585 4212 658 4265 istud
682 4212 739 4267 VU
809 4214 842 4266 19
861 4213 1023 4282 ipponenses
1046 4212 1101 4267 VU
1116 4213 1304 4282 Hipponenses
1322 4212 1383 4267 ecc.

272 4304 422 4374 pinianum,
442 4303 471 4355 in
489 4318 574 4369 ortorp.
594 4318 629 4354 m.
649 4304 667 4353 2
687 4301 728 4355 adr
746 4301 891 4371 piniarium
915 4301 942 4355 U
988 4302 1023 4354 24
1042 4318 1102 4355 eum
1123 4318 1280 4355 causacum
1300 4304 1382 4369 (poet.

238 4410 297 4447 eum
317 4390 437 4461 exp.)U
