3092 4959
521 404 789 472 epistularum
820 403 963 462 CXLVIII.
1254 409 1319 473 345

165 595 294 676 scriptis
317 595 483 678 inprobare
507 601 603 680 atquo
630 617 789 682 respuere,
818 599 847 663 si
870 599 951 665 torte
978 599 1207 677 iuueuorimus,
1236 600 1321 683 quod

165 701 259 766 alitor
286 703 453 780 senserim,
482 722 577 785 quam
604 705 725 769 ueritas
752 705 850 770 habet
877 705 984 770 diuino
1013 706 1171 771 adiutoiio
1199 707 1253 771 uel
1281 707 1319 772 ab

165 807 237 873 aliis
260 809 426 874 intellecta
447 811 502 875 uel
521 811 660 876 anobis.
685 812 760 876 talis
785 831 845 896 ego
870 831 940 878 sum
965 813 996 877 iu
1022 812 1149 896 scriptis
1174 813 1320 893 aliorum,

164 915 246 980 tales
270 916 345 981 uolo
368 935 439 981 esse
463 917 679 982 intellectores
698 937 857 984 meorum.
881 919 1016 1002 denique
1035 919 1066 985 in
1086 920 1136 984 bis
1162 919 1320 998 omuibus,

131 1040 246 1105 squas
269 1022 309 1086 (le
337 1023 502 1106 opusculis
531 1029 714 1089 sanatorum
743 1029 839 1108 atque
867 1025 1035 1091 dootorum
1063 1027 1321 1106 commemoraui,

164 1129 336 1203 Ambrosii,
363 1129 560 1214 Hieronymi,
588 1132 765 1205 Athanasii,
796 1131 954 1217 Gregorii,
983 1137 1015 1198 et
1045 1134 1159 1217 siqua
1186 1133 1321 1198 aliorum

163 1235 244 1300 talia
270 1236 376 1318 legere
391 1237 505 1320 potui,
536 1257 616 1320 quae
640 1257 888 1304 oommemorare
911 1240 1042 1324 longum
1072 1239 1195 1323 putaui,
1227 1239 1321 1305 deum

163 1359 227 1405 nou
251 1359 322 1406 esso
346 1361 460 1426 eorpus
483 1363 542 1409 ueo
560 1343 680 1410 formae
699 1345 856 1410 humanae
875 1345 991 1410 hebere
1009 1345 1229 1411 membraneo
1249 1365 1322 1410 eum

164 1465 237 1511 esso
258 1467 316 1530 per
337 1449 480 1514 locorum
504 1452 609 1533 spatis
627 1450 822 1516 dluisibilem
842 1455 874 1516 et
893 1471 963 1517 esse
982 1455 1093 1517 natura
1112 1451 1321 1518 incommuta·

117 1553 274 1618 utiliter
296 1554 490 1620 inuisibilam
511 1575 570 1621 neo
587 1576 645 1639 per
663 1557 795 1622 eandem
817 1563 964 1624 naturam
988 1563 1083 1642 atque
1108 1551 1321 1625 substantiam

165 1661 225 1725 sed
246 1661 418 1744 adsumpta
440 1663 562 1729 uisibili
585 1665 701 1747 speeie,
726 1665 812 1730 siout
834 1665 949 1742 uoluit,
979 1666 1176 1749 apparuisse,
1205 1664 1322 1747 quibus

165 1769 323 1850 apparuit,
342 1770 469 1851 quaudo
487 1789 542 1853 per
557 1771 702 1852 eorporis
722 1773 833 1837 oculos
851 1773 883 1836 in
904 1773 1071 1856 scripturis
1092 1773 1210 1838 sanetis
1230 1773 1321 1838 uisus

165 1879 408 1952 essebonum,
428 1876 460 1940 iu
476 1877 632 1943 adiutorio
651 1877 771 1942 domini
790 1879 978 1944 inconeussa
993 1879 1085 1944 oredo
1106 1885 1148 1956 et,
1167 1881 1321 1960 quantum

164 1982 236 2063 ipse
259 1981 366 2057 donat,
389 1983 553 2069 intellego.

24 2083 147 2150 Vltus
212 2087 260 2152 Do
278 2089 415 2172 spirituli
434 2093 542 2155 autem
561 2110 700 2174 corpore,
718 2092 805 2173 quod
823 2093 855 2156 iu
874 2093 1104 2158 resurrectione
1122 2091 1322 2168 habebimus,

167 2198 320 2277 quautam
343 2197 450 2279 capiat
466 2197 498 2261 iu
522 2199 639 2262 melius
663 2199 957 2276 commutationem,
981 2204 1090 2263 utrum
1113 2199 1144 2262 iu
1169 2197 1324 2281 simpliei-

167 2304 268 2366 tatem
288 2303 421 2386 spiritus
441 2303 544 2382 cedat,
564 2307 601 2368 ut
619 2307 708 2369 totus
727 2306 823 2370 homo
842 2305 906 2370 lam
928 2305 1061 2389 spiritus
1086 2306 1138 2382 sit,
1164 2317 1212 2384 ab,
1238 2303 1323 2387 quod

167 2409 273 2492 magu
300 2412 390 2491 puto,
419 2409 476 2475 sed
499 2409 640 2476 noudum
668 2411 761 2494 plena
784 2411 901 2476 fiducia
925 2411 1085 2490 confirmo,
1109 2413 1156 2476 itu
1178 2411 1322 2476 futurum

168 2517 215 2582 sit
232 2516 375 2600 spiritale
393 2535 521 2600 eorpus,
540 2520 577 2582 ut
593 2522 724 2601 propter
741 2519 899 2600 quandam
923 2519 1115 2584 ineffabilem
1135 2517 1321 2582 facilitatem

119 2645 149 2684 so
168 2625 314 2709 spiritale
343 2625 477 2701 dicutur,
492 2631 614 2689 seruet
637 2630 742 2690 tamen
766 2619 981 2691 substantiam
1007 2624 1212 2708 corporalem,
1243 2640 1323 2708 quae

167 2753 227 2816 per
249 2751 284 2798 so
306 2733 410 2814 ipsam
434 2731 545 2796 uiuere
568 2751 605 2796 ao
628 2733 747 2798 sentire
769 2751 832 2797 uou
856 2732 961 2815 possit
984 2732 1040 2797 sed
1063 2731 1243 2815 perillum,
1269 2732 1324 2814 qui

170 2858 208 2904 ea
225 2839 338 2904 utitur.
357 2838 506 2921 spiritum
524 2873 569 2886 ·-
587 2857 691 2921 neque
709 2839 793 2904 enim
813 2843 846 2903 et
864 2859 958 2916 uano,
979 2839 1053 2921 quie
1072 2837 1325 2921 ooopus'dioitui·

169 2946 317 3021 aalmale,
342 2945 451 3010 eadem
472 2948 523 3010 est
541 2945 663 3009 animae
682 2948 796 3010 ustura
814 2963 895 3028 quae
915 2945 1054 3027 eorporis
1074 2981 1128 3022 -‚
1149 2949 1182 3009 et
1205 2947 1324 3022 utrum,

169 3053 200 3117 si
219 3050 362 3134 eorporis
381 3051 529 3136 quamuis
547 3051 611 3116 iam
626 3050 806 3117 inmortalis
825 3058 921 3134 atque
941 3050 1191 3134 incorruptibilis
1211 3053 1324 3114 natura

120 3177 150 3219 aa
170 3159 361 3238 seruabItur,
397 3157 528 3223 adiuuet
560 3163 637 3222 tuno
675 3157 798 3240 aliquid
830 3158 979 3240 spiritum
1013 3158 1052 3222 ad
1085 3156 1222 3222 uidends
1253 3156 1324 3238 ipsu

167 3265 321 3341 uisibilia‚
349 3264 384 3329 id
415 3269 465 3330 ost
496 3265 681 3348 corporalia,
714 3265 800 3329 siout
833 3283 916 3329 uuuo
948 3266 1013 3330 tale
1037 3263 1157 3347 aliquid
1181 3263 1244 3328 nisi
1268 3282 1324 3345 per

206 3510 224 3562 2
244 3508 288 3562 uel
307 3525 324 3562 a
341 3507 420 3562 uobis
438 3507 583 3562 intellecta
600 3507 645 3561 uel
664 3505 698 3560 ab
718 3507 781 3561 aliis
803 3506 829 3560 T
877 3509 894 3562 3
914 3507 1022 3576 scriptis
1041 3511 1096 3564 rba.
1118 3513 1143 3562 et
1161 3523 1230 3562 corr.
1250 3523 1285 3560 oa
1306 3509 1325 3560 2

168 3613 205 3651 ex
222 3596 364 3667 seripturis
382 3595 422 3649 ΡΙ
475 3595 644 3664 tmeorum]
662 3596 691 3649 iu
711 3612 802 3649 eorum
822 3595 877 3649 Fa
932 3595 970 3666 iu]
991 3599 1020 3649 et
1038 3595 1121 3650 FAP
1178 3594 1212 3648 iis
1225 3595 1324 3663 flrm

171 3687 417 3740 leommemorare
434 3683 545 3754 longum
565 3685 674 3754 putaui]
693 3685 903 3738 commemoraui
922 3684 949 3737 P
1022 3684 1165 3754 logumT
1240 3685 1324 3736 tna·

170 3773 290 3829 turaeF
380 3773 410 3828 11
432 3775 605 3844 apparuisse·
623 3773 696 3841 (fait
714 3777 738 3838 t)
757 3774 785 3826 A
895 3773 1005 3843 quibus]
1024 3773 1066 3826 his
1086 3773 1184 3841 quibus
1204 3769 1273 3824 P¹V
1289 3773 1324 3824 iis

171 3863 272 3934 qulbus
284 3863 385 3932 flrm
458 3863 492 3915 12
511 3879 559 3932 per
577 3863 697 3932 eorporis
716 3862 823 3931 oeulos]
843 3877 892 3930 per
911 3875 1054 3930 corporeos
1074 3859 1166 3913 oeulos
1184 3857 1212 3912 P
1230 3875 1324 3928 corpo·

170 3953 226 4007 reis
245 3951 331 4006 oeulis
348 3951 377 4005 A
442 3950 522 4006 ltin
541 3951 804 4019 resurrectionum
823 3965 894 4004 eros.
914 3950 985 4017 uid.)
1004 3950 1031 4003 P
1066 3947 1126 4002 ’16
1146 3949 1173 4001 iu
1193 3947 1325 4016 simplici-

169 4047 232 4096 tate
249 4039 319 4095 P¹V
382 4041 415 4094 19
433 4040 755 4111 ineffabilem'quundam
776 4041 836 4095 edd.
897 4039 933 4095 20
952 4041 999 4108 qui
1017 4036 1072 4092 Fa
1127 4034 1224 4106 2lao]
1245 4053 1279 4090 an
1298 4037 1325 4090 A

169 4129 208 4183 22
227 4131 299 4184 euim
318 4131 357 4200 et]
378 4129 449 4184 euim
469 4129 515 4199 qui
535 4133 563 4184 et
581 4130 609 4185 R
673 4131 708 4184 23
726 4133 841 4183 naturae
859 4130 888 4184 F
961 4123 1040 4199 uuae]
1060 4129 1119 4196 atq;
1133 4125 1168 4179 -Ρ
1202 4123 1264 4180 '25
1284 4127 1325 4178 ui-

171 4216 290 4272 dendum
308 4215 379 4271 ΡΨ
392 4215 454 4272 add
527 4216 563 4270 26
581 4218 629 4282 sio,
646 4219 696 4272 aeli
714 4234 728 4271 e
744 4233 802 4272 roa
822 4232 856 4272 ea
868 4213 946 4271 '1-2
965 4217 982 4274 l.
1002 4215 1101 4287 (κῆρ.
1115 4218 1152 4268 'ut
1170 4213 1229 4269 uid.
1249 4219 1281 4282 1,·
1294 4216 1327 4268 in

171 4323 259 4376 maro.
278 4324 315 4361 m.
334 4310 354 4360 2
372 4307 454 4374 siout)
478 4307 504 4361 T
579 4303 583 4308 ’
1204 4301 1207 4308 '
