<?xml version="1.0" encoding="UTF-8"?>
<!DOCTYPE html PUBLIC "-//W3C//DTD XHTML 1.0 Transitional//EN"
    "http://www.w3.org/TR/xhtml1/DTD/xhtml1-transitional.dtd">
<html xmlns="http://www.w3.org/1999/xhtml" xml:lang="en" lang="en">
 <head>
  <title>
</title>
<meta http-equiv="Content-Type" content="text/html;charset=utf-8" />
  <meta name='ocr-system' content='tesseract 3.04.00' />
  <meta name='ocr-capabilities' content='ocr_page ocr_carea ocr_par ocr_line ocrx_word'/>
</head>
<body>
  <div class='ocr_page' id='page_1' title='image "./corpusscriptoru05wissgoog_0201.png"; bbox 0 0 3092 4959; ppageno 0'>
   <div class='ocr_carea' id='block_1_1' title="bbox 520 389 1278 462">
    <p class='ocr_par' dir='ltr' id='par_1_1' title="bbox 520 389 1278 462">
     <span class='ocr_line' id='line_1_1' title="bbox 520 389 1278 462; baseline -0.001 -18"><span class='ocrx_word' id='word_1_1' title='bbox 520 389 784 462; x_wconf 76' lang='lat' dir='ltr'><strong>epistularum</strong></span> <span class='ocrx_word' id='word_1_2' title='bbox 812 391 888 448; x_wconf 83' lang='lat' dir='ltr'>CXL.</span> <span class='ocrx_word' id='word_1_3' title='bbox 1215 399 1278 460; x_wconf 75' lang='lat'>169</span> 
     </span>
    </p>
   </div>
   <div class='ocr_carea' id='block_1_2' title="bbox 6 581 1278 3228">
    <p class='ocr_par' dir='ltr' id='par_1_2' title="bbox 6 581 1278 3228">
     <span class='ocr_line' id='line_1_2' title="bbox 130 581 1277 668; baseline 0.004 -22"><span class='ocrx_word' id='word_1_4' title='bbox 130 588 165 647; x_wconf 87' lang='lat' dir='ltr'>ut</span> <span class='ocrx_word' id='word_1_5' title='bbox 189 585 250 648; x_wconf 86' lang='lat' dir='ltr'>ista</span> <span class='ocrx_word' id='word_1_6' title='bbox 275 583 336 647; x_wconf 89' lang='lat' dir='ltr'>fide</span> <span class='ocrx_word' id='word_1_7' title='bbox 361 582 398 646; x_wconf 91' lang='lat' dir='ltr'>ad</span> <span class='ocrx_word' id='word_1_8' title='bbox 418 581 589 645; x_wconf 92' lang='lat' dir='ltr'>uidendum</span> <span class='ocrx_word' id='word_1_9' title='bbox 609 581 702 646; x_wconf 91' lang='lat' dir='ltr'>deum</span> <span class='ocrx_word' id='word_1_10' title='bbox 727 583 842 646; x_wconf 89' lang='lat' dir='ltr'>mentis</span> <span class='ocrx_word' id='word_1_11' title='bbox 866 585 978 648; x_wconf 82' lang='lat' dir='ltr'>oculus</span> <span class='ocrx_word' id='word_1_12' title='bbox 1003 591 1176 652; x_wconf 86' lang='lat' dir='ltr'>sanaretur.</span> <span class='ocrx_word' id='word_1_13' title='bbox 1201 588 1277 668; x_wconf 90' lang='lat' dir='ltr'>quid</span> 
     </span>
     <span class='ocr_line' id='line_1_3' title="bbox 129 688 1278 775; baseline 0.003 -22"><span class='ocrx_word' id='word_1_14' title='bbox 129 709 204 773; x_wconf 85' lang='lat' dir='ltr'>erge</span> <span class='ocrx_word' id='word_1_15' title='bbox 225 689 432 772; x_wconf 80' lang='lat' dir='ltr'>dedignamur</span> <span class='ocrx_word' id='word_1_16' title='bbox 451 688 558 752; x_wconf 90' lang='lat' dir='ltr'>audire</span> <span class='ocrx_word' id='word_1_17' title='bbox 578 706 689 751; x_wconf 83' lang='lat' dir='ltr'>uocem</span> <span class='ocrx_word' id='word_1_18' title='bbox 710 689 849 769; x_wconf 88' lang='lat' dir='ltr'>corperis</span> <span class='ocrx_word' id='word_1_19' title='bbox 865 709 901 754; x_wconf 82' lang='lat' dir='ltr'>er</span> <span class='ocrx_word' id='word_1_20' title='bbox 916 710 968 754; x_wconf 87' lang='lat' dir='ltr'>ere</span> <span class='ocrx_word' id='word_1_21' title='bbox 988 691 1125 775; x_wconf 81' lang='lat' dir='ltr'>capitis?</span> <span class='ocrx_word' id='word_1_22' title='bbox 1144 693 1278 757; x_wconf 81' lang='lat' dir='ltr'>ecelesia</span> 
     </span>
     <span class='ocr_line' id='line_1_4' title="bbox 127 795 1278 877; baseline 0.003 -17"><span class='ocrx_word' id='word_1_23' title='bbox 127 798 159 860; x_wconf 90' lang='lat' dir='ltr'>iu</span> <span class='ocrx_word' id='word_1_24' title='bbox 184 796 239 860; x_wconf 92' lang='lat' dir='ltr'>illo</span> <span class='ocrx_word' id='word_1_25' title='bbox 263 796 450 877; x_wconf 84' lang='lat' dir='ltr'>patiebatur,</span> <span class='ocrx_word' id='word_1_26' title='bbox 474 795 597 875; x_wconf 89' lang='lat' dir='ltr'>quando</span> <span class='ocrx_word' id='word_1_27' title='bbox 623 813 678 876; x_wconf 88' lang='lat' dir='ltr'>pro</span> <span class='ocrx_word' id='word_1_28' title='bbox 702 795 839 858; x_wconf 82' lang='lat' dir='ltr'>eeclesia</span> <span class='ocrx_word' id='word_1_29' title='bbox 861 797 1051 876; x_wconf 79' lang='lat' dir='ltr'>patiebatur,</span> <span class='ocrx_word' id='word_1_30' title='bbox 1076 799 1159 861; x_wconf 88' lang='lat' dir='ltr'>sieut</span> <span class='ocrx_word' id='word_1_31' title='bbox 1181 799 1278 863; x_wconf 85' lang='lat' dir='ltr'>etiam</span> 
     </span>
     <span class='ocr_line' id='line_1_5' title="bbox 127 901 1276 987; baseline 0.001 -20"><span class='ocrx_word' id='word_1_32' title='bbox 127 905 197 984; x_wconf 90' lang='lat' dir='ltr'>ipse</span> <span class='ocrx_word' id='word_1_33' title='bbox 221 903 251 966; x_wconf 92' lang='lat' dir='ltr'>in</span> <span class='ocrx_word' id='word_1_34' title='bbox 277 902 411 966; x_wconf 86' lang='lat' dir='ltr'>ecelesia</span> <span class='ocrx_word' id='word_1_35' title='bbox 428 901 618 983; x_wconf 85' lang='lat' dir='ltr'>patiebatur,</span> <span class='ocrx_word' id='word_1_36' title='bbox 639 902 764 983; x_wconf 86' lang='lat' dir='ltr'>quando</span> <span class='ocrx_word' id='word_1_37' title='bbox 784 921 838 984; x_wconf 88' lang='lat' dir='ltr'>pre</span> <span class='ocrx_word' id='word_1_38' title='bbox 858 903 912 967; x_wconf 89' lang='lat' dir='ltr'>illo</span> <span class='ocrx_word' id='word_1_39' title='bbox 934 905 1069 968; x_wconf 80' lang='lat' dir='ltr'>ecelesia</span> <span class='ocrx_word' id='word_1_40' title='bbox 1087 905 1276 987; x_wconf 87' lang='lat' dir='ltr'>patiebatur.</span> 
     </span>
     <span class='ocr_line' id='line_1_6' title="bbox 94 1008 1274 1094; baseline -0.003 -21"><span class='ocrx_word' id='word_1_41' title='bbox 94 1031 199 1074; x_wconf 72' lang='lat' dir='ltr'>snam</span> <span class='ocrx_word' id='word_1_42' title='bbox 228 1010 313 1074; x_wconf 87' lang='lat' dir='ltr'>sicut</span> <span class='ocrx_word' id='word_1_43' title='bbox 339 1008 522 1074; x_wconf 90' lang='lat' dir='ltr'>audiuimus</span> <span class='ocrx_word' id='word_1_44' title='bbox 556 1009 708 1072; x_wconf 83' lang='lat' dir='ltr'>ecelesiae</span> <span class='ocrx_word' id='word_1_45' title='bbox 741 1027 854 1073; x_wconf 87' lang='lat' dir='ltr'>uoeem</span> <span class='ocrx_word' id='word_1_46' title='bbox 886 1011 918 1073; x_wconf 91' lang='lat' dir='ltr'>iu</span> <span class='ocrx_word' id='word_1_47' title='bbox 951 1009 1078 1076; x_wconf 82' lang='lat' dir='ltr'>Christo</span> <span class='ocrx_word' id='word_1_48' title='bbox 1111 1011 1274 1094; x_wconf 88' lang='lat' dir='ltr'>patientis:</span> 
     </span>
     <span class='ocr_line' id='line_1_7' title="bbox 128 1116 1275 1202; baseline 0.003 -22"><span class='ocrx_word' id='word_1_49' title='bbox 128 1117 239 1194; x_wconf 80' lang='lat' dir='ltr'>Deus,</span> <span class='ocrx_word' id='word_1_50' title='bbox 265 1117 354 1180; x_wconf 91' lang='lat' dir='ltr'>deus</span> <span class='ocrx_word' id='word_1_51' title='bbox 380 1135 493 1192; x_wconf 89' lang='lat' dir='ltr'>meus,</span> <span class='ocrx_word' id='word_1_52' title='bbox 518 1116 664 1197; x_wconf 77' lang='lat' dir='ltr'>respice</span> <span class='ocrx_word' id='word_1_53' title='bbox 688 1135 757 1190; x_wconf 86' lang='lat' dir='ltr'>me;</span> <span class='ocrx_word' id='word_1_54' title='bbox 783 1136 897 1198; x_wconf 89' lang='lat' dir='ltr'>quare</span> <span class='ocrx_word' id='word_1_55' title='bbox 929 1137 982 1181; x_wconf 89' lang='lat' dir='ltr'>me</span> <span class='ocrx_word' id='word_1_56' title='bbox 1012 1119 1275 1202; x_wconf 76' lang='lat' dir='ltr'>dereliquisti?</span> 
     </span>
     <span class='ocr_line' id='line_1_8' title="bbox 127 1222 1276 1308; baseline 0.003 -21"><span class='ocrx_word' id='word_1_57' title='bbox 127 1225 174 1288; x_wconf 87' lang='lat' dir='ltr'>sie</span> <span class='ocrx_word' id='word_1_58' title='bbox 211 1223 394 1289; x_wconf 87' lang='lat' dir='ltr'>audiuimus</span> <span class='ocrx_word' id='word_1_59' title='bbox 432 1223 526 1287; x_wconf 87' lang='lat' dir='ltr'>etiem</span> <span class='ocrx_word' id='word_1_60' title='bbox 565 1222 682 1288; x_wconf 75' lang='lat' dir='ltr'>Christi</span> <span class='ocrx_word' id='word_1_61' title='bbox 720 1243 830 1288; x_wconf 83' lang='lat' dir='ltr'>uocem</span> <span class='ocrx_word' id='word_1_62' title='bbox 868 1225 900 1286; x_wconf 92' lang='lat' dir='ltr'>in</span> <span class='ocrx_word' id='word_1_63' title='bbox 933 1225 1068 1289; x_wconf 80' lang='lat' dir='ltr'>ecelesia</span> <span class='ocrx_word' id='word_1_64' title='bbox 1108 1227 1276 1308; x_wconf 88' lang='lat' dir='ltr'>patieutis:</span> 
     </span>
     <span class='ocr_line' id='line_1_9' title="bbox 127 1329 875 1413; baseline 0 -18"><span class='ocrx_word' id='word_1_65' title='bbox 127 1331 250 1404; x_wconf 73' lang='lat' dir='ltr'>Saule,</span> <span class='ocrx_word' id='word_1_66' title='bbox 276 1331 396 1408; x_wconf 84' lang='lat' dir='ltr'>Saule,</span> <span class='ocrx_word' id='word_1_67' title='bbox 422 1329 509 1413; x_wconf 92' lang='lat' dir='ltr'>quid</span> <span class='ocrx_word' id='word_1_68' title='bbox 534 1349 587 1392; x_wconf 91' lang='lat' dir='ltr'>me</span> <span class='ocrx_word' id='word_1_69' title='bbox 611 1331 875 1412; x_wconf 83' lang='lat' dir='ltr'>persequeris?</span> 
     </span>
     <span class='ocr_line' id='line_1_10' title="bbox 6 1421 1276 1519; baseline -0.002 -16"><span class='ocrx_word' id='word_1_70' title='bbox 6 1421 68 1484; x_wconf 71' lang='lat'>119</span> <span class='ocrx_word' id='word_1_71' title='bbox 172 1437 253 1503; x_wconf 82' lang='lat' dir='ltr'>Cum</span> <span class='ocrx_word' id='word_1_72' title='bbox 281 1438 388 1518; x_wconf 88' lang='lat' dir='ltr'>itaque</span> <span class='ocrx_word' id='word_1_73' title='bbox 416 1455 477 1500; x_wconf 87' lang='lat' dir='ltr'>uun</span> <span class='ocrx_word' id='word_1_74' title='bbox 506 1436 691 1500; x_wconf 79' lang='lat' dir='ltr'>exaudimur</span> <span class='ocrx_word' id='word_1_75' title='bbox 718 1438 755 1500; x_wconf 92' lang='lat' dir='ltr'>ad</span> <span class='ocrx_word' id='word_1_76' title='bbox 785 1438 972 1519; x_wconf 88' lang='lat' dir='ltr'>temporalia</span> <span class='ocrx_word' id='word_1_77' title='bbox 998 1438 1081 1502; x_wconf 83' lang='lat' dir='ltr'>bene</span> <span class='ocrx_word' id='word_1_78' title='bbox 1112 1439 1276 1503; x_wconf 88' lang='lat' dir='ltr'>retinenda</span> 
     </span>
     <span class='ocr_line' id='line_1_11' title="bbox 82 1544 1275 1628; baseline 0.005 -26"><span class='ocrx_word' id='word_1_79' title='bbox 82 1566 106 1604; x_wconf 80' lang='grc' dir='ltr'>ιο</span> <span class='ocrx_word' id='word_1_80' title='bbox 125 1547 179 1608; x_wconf 79' lang='lat' dir='ltr'>uel</span> <span class='ocrx_word' id='word_1_81' title='bbox 199 1544 412 1626; x_wconf 80' lang='lat' dir='ltr'>adipiscenda,</span> <span class='ocrx_word' id='word_1_82' title='bbox 434 1544 558 1626; x_wconf 85' lang='lat' dir='ltr'>quando</span> <span class='ocrx_word' id='word_1_83' title='bbox 578 1563 633 1626; x_wconf 90' lang='lat' dir='ltr'>pro</span> <span class='ocrx_word' id='word_1_84' title='bbox 654 1545 703 1606; x_wconf 84' lang='lat' dir='ltr'>nis</span> <span class='ocrx_word' id='word_1_85' title='bbox 723 1545 929 1625; x_wconf 86' lang='lat' dir='ltr'>deprecamur</span> <span class='ocrx_word' id='word_1_86' title='bbox 948 1546 1052 1620; x_wconf 85' lang='lat' dir='ltr'>deum,</span> <span class='ocrx_word' id='word_1_87' title='bbox 1071 1546 1102 1608; x_wconf 90' lang='lat' dir='ltr'>in</span> <span class='ocrx_word' id='word_1_88' title='bbox 1123 1565 1169 1622; x_wconf 74' lang='lat' dir='ltr'>eo,</span> <span class='ocrx_word' id='word_1_89' title='bbox 1191 1545 1275 1628; x_wconf 89' lang='lat' dir='ltr'>quod</span> 
     </span>
     <span class='ocr_line' id='line_1_12' title="bbox 125 1651 1274 1735; baseline -0.003 -18"><span class='ocrx_word' id='word_1_90' title='bbox 125 1672 183 1717; x_wconf 88' lang='lat' dir='ltr'>nes</span> <span class='ocrx_word' id='word_1_91' title='bbox 211 1672 272 1716; x_wconf 90' lang='lat' dir='ltr'>non</span> <span class='ocrx_word' id='word_1_92' title='bbox 300 1651 437 1718; x_wconf 82' lang='lat' dir='ltr'>exaudit.</span> <span class='ocrx_word' id='word_1_93' title='bbox 462 1651 651 1732; x_wconf 83' lang='lat' dir='ltr'>derelinquit</span> <span class='ocrx_word' id='word_1_94' title='bbox 677 1671 748 1718; x_wconf 86' lang='lat' dir='ltr'>nos:</span> <span class='ocrx_word' id='word_1_95' title='bbox 779 1653 835 1714; x_wconf 90' lang='lat' dir='ltr'>sed</span> <span class='ocrx_word' id='word_1_96' title='bbox 863 1651 902 1714; x_wconf 86' lang='lat' dir='ltr'>ad</span> <span class='ocrx_word' id='word_1_97' title='bbox 931 1653 1064 1733; x_wconf 80' lang='lat' dir='ltr'>potiora,</span> <span class='ocrx_word' id='word_1_98' title='bbox 1089 1671 1169 1735; x_wconf 90' lang='lat' dir='ltr'>quae</span> <span class='ocrx_word' id='word_1_99' title='bbox 1192 1653 1274 1728; x_wconf 74' lang='lat' dir='ltr'>uult,</span> 
     </span>
     <span class='ocr_line' id='line_1_13' title="bbox 125 1759 1274 1841; baseline -0.001 -18"><span class='ocrx_word' id='word_1_100' title='bbox 125 1765 163 1823; x_wconf 91' lang='lat' dir='ltr'>ut</span> <span class='ocrx_word' id='word_1_101' title='bbox 189 1760 414 1841; x_wconf 84' lang='lat' dir='ltr'>intellegamus</span> <span class='ocrx_word' id='word_1_102' title='bbox 448 1763 479 1822; x_wconf 92' lang='lat' dir='ltr'>st</span> <span class='ocrx_word' id='word_1_103' title='bbox 510 1759 722 1839; x_wconf 83' lang='lat' dir='ltr'>praeferamus</span> <span class='ocrx_word' id='word_1_104' title='bbox 756 1762 789 1822; x_wconf 90' lang='lat' dir='ltr'>et</span> <span class='ocrx_word' id='word_1_105' title='bbox 821 1759 1095 1840; x_wconf 81' lang='lat' dir='ltr'>concupiscamus,</span> <span class='ocrx_word' id='word_1_106' title='bbox 1123 1778 1184 1823; x_wconf 89' lang='lat' dir='ltr'>non</span> <span class='ocrx_word' id='word_1_107' title='bbox 1217 1777 1274 1823; x_wconf 88' lang='lat' dir='ltr'>nes</span> 
     </span>
     <span class='ocr_line' id='line_1_14' title="bbox 125 1865 1273 1948; baseline -0.003 -19"><span class='ocrx_word' id='word_1_108' title='bbox 125 1867 327 1948; x_wconf 87' lang='lat' dir='ltr'>derelinquit.</span> <span class='ocrx_word' id='word_1_109' title='bbox 353 1865 435 1928; x_wconf 90' lang='lat' dir='ltr'>unde</span> <span class='ocrx_word' id='word_1_110' title='bbox 459 1866 605 1946; x_wconf 88' lang='lat' dir='ltr'>sequitur</span> <span class='ocrx_word' id='word_1_111' title='bbox 627 1867 770 1948; x_wconf 89' lang='lat' dir='ltr'>psalmus</span> <span class='ocrx_word' id='word_1_112' title='bbox 796 1869 828 1928; x_wconf 86' lang='lat' dir='ltr'>et</span> <span class='ocrx_word' id='word_1_113' title='bbox 852 1865 944 1928; x_wconf 87' lang='lat' dir='ltr'>dieit:</span> <span class='ocrx_word' id='word_1_114' title='bbox 973 1865 1142 1928; x_wconf 76' lang='lat' dir='ltr'>Clamaui</span> <span class='ocrx_word' id='word_1_115' title='bbox 1171 1865 1214 1928; x_wconf 92' lang='lat' dir='ltr'>ad</span> <span class='ocrx_word' id='word_1_116' title='bbox 1237 1869 1273 1927; x_wconf 84' lang='lat' dir='ltr'>te</span> 
     </span>
     <span class='ocr_line' id='line_1_15' title="bbox 123 1971 1275 2055; baseline -0.003 -19"><span class='ocrx_word' id='word_1_117' title='bbox 123 1992 189 2055; x_wconf 94' lang='lat' dir='ltr'>per</span> <span class='ocrx_word' id='word_1_118' title='bbox 217 1973 312 2036; x_wconf 92' lang='lat' dir='ltr'>diem</span> <span class='ocrx_word' id='word_1_119' title='bbox 342 1992 406 2035; x_wconf 87' lang='lat' dir='ltr'>nee</span> <span class='ocrx_word' id='word_1_120' title='bbox 431 1972 607 2036; x_wconf 79' lang='lat' dir='ltr'>exaudies</span> <span class='ocrx_word' id='word_1_121' title='bbox 633 1976 668 2036; x_wconf 93' lang='lat' dir='ltr'>et</span> <span class='ocrx_word' id='word_1_122' title='bbox 691 1975 799 2036; x_wconf 87' lang='lat' dir='ltr'>noete</span> <span class='ocrx_word' id='word_1_123' title='bbox 823 2009 867 2018; x_wconf 93' lang='lat'><em>-</em></span> <span class='ocrx_word' id='word_1_124' title='bbox 890 1973 987 2035; x_wconf 87' lang='lat' dir='ltr'>etiam</span> <span class='ocrx_word' id='word_1_125' title='bbox 1010 1972 1061 2035; x_wconf 89' lang='lat' dir='ltr'>hie</span> <span class='ocrx_word' id='word_1_126' title='bbox 1085 1971 1275 2036; x_wconf 83' lang='lat' dir='ltr'>subauditur</span> 
     </span>
     <span class='ocr_line' id='line_1_16' title="bbox 80 2078 1274 2162; baseline -0.002 -18"><span class='ocrx_word' id='word_1_127' title='bbox 80 2098 103 2135; x_wconf 70' lang='lat'>1⁵</span> <span class='ocrx_word' id='word_1_128' title='bbox 123 2085 192 2144; x_wconf 89' lang='lat' dir='ltr'>‘nee</span> <span class='ocrx_word' id='word_1_129' title='bbox 209 2079 367 2143; x_wconf 85' lang='lat' dir='ltr'>exaudies’</span> <span class='ocrx_word' id='word_1_130' title='bbox 381 2102 438 2142; x_wconf 79' lang='lat' dir='ltr'>-r</span> <span class='ocrx_word' id='word_1_131' title='bbox 456 2079 510 2143; x_wconf 90' lang='lat' dir='ltr'>sed</span> <span class='ocrx_word' id='word_1_132' title='bbox 526 2079 610 2144; x_wconf 83' lang='lat' dir='ltr'>uidu.</span> <span class='ocrx_word' id='word_1_133' title='bbox 627 2078 701 2160; x_wconf 90' lang='lat' dir='ltr'>quid</span> <span class='ocrx_word' id='word_1_134' title='bbox 723 2079 881 2162; x_wconf 85' lang='lat' dir='ltr'>adiungit:</span> <span class='ocrx_word' id='word_1_135' title='bbox 898 2082 933 2142; x_wconf 90' lang='lat' dir='ltr'>et</span> <span class='ocrx_word' id='word_1_136' title='bbox 948 2098 1017 2141; x_wconf 88' lang='lat' dir='ltr'>uon</span> <span class='ocrx_word' id='word_1_137' title='bbox 1033 2079 1078 2142; x_wconf 84' lang='lat' dir='ltr'>ed</span> <span class='ocrx_word' id='word_1_138' title='bbox 1099 2078 1274 2160; x_wconf 89' lang='lat' dir='ltr'>insipien-</span> 
     </span>
     <span class='ocr_line' id='line_1_17' title="bbox 122 2186 1274 2268; baseline -0.001 -19"><span class='ocrx_word' id='word_1_139' title='bbox 122 2188 216 2250; x_wconf 89' lang='lat' dir='ltr'>tiam</span> <span class='ocrx_word' id='word_1_140' title='bbox 242 2186 342 2250; x_wconf 85' lang='lat' dir='ltr'>milri.</span> <span class='ocrx_word' id='word_1_141' title='bbox 367 2187 427 2250; x_wconf 86' lang='lat' dir='ltr'>hee</span> <span class='ocrx_word' id='word_1_142' title='bbox 450 2205 523 2268; x_wconf 85' lang='lat' dir='ltr'>erge</span> <span class='ocrx_word' id='word_1_143' title='bbox 544 2186 634 2250; x_wconf 89' lang='lat' dir='ltr'>dieit:</span> <span class='ocrx_word' id='word_1_144' title='bbox 660 2187 729 2249; x_wconf 80' lang='lat' dir='ltr'>Non</span> <span class='ocrx_word' id='word_1_145' title='bbox 751 2206 799 2249; x_wconf 93' lang='lat' dir='ltr'>me</span> <span class='ocrx_word' id='word_1_146' title='bbox 820 2186 949 2268; x_wconf 89' lang='lat' dir='ltr'>quidem</span> <span class='ocrx_word' id='word_1_147' title='bbox 969 2186 1118 2249; x_wconf 84' lang='lat' dir='ltr'>exaudies</span> <span class='ocrx_word' id='word_1_148' title='bbox 1138 2186 1274 2249; x_wconf 84' lang='lat' dir='ltr'>claman-</span> 
     </span>
     <span class='ocr_line' id='line_1_18' title="bbox 121 2292 1271 2376; baseline -0.003 -19"><span class='ocrx_word' id='word_1_149' title='bbox 121 2299 189 2357; x_wconf 90' lang='lat' dir='ltr'>tem</span> <span class='ocrx_word' id='word_1_150' title='bbox 213 2311 270 2376; x_wconf 90' lang='lat' dir='ltr'>per</span> <span class='ocrx_word' id='word_1_151' title='bbox 293 2292 387 2370; x_wconf 84' lang='lat' dir='ltr'>diem,</span> <span class='ocrx_word' id='word_1_152' title='bbox 411 2292 443 2355; x_wconf 89' lang='lat' dir='ltr'>id</span> <span class='ocrx_word' id='word_1_153' title='bbox 467 2298 517 2356; x_wconf 89' lang='lat' dir='ltr'>est</span> <span class='ocrx_word' id='word_1_154' title='bbox 539 2293 570 2356; x_wconf 92' lang='lat' dir='ltr'>in</span> <span class='ocrx_word' id='word_1_155' title='bbox 595 2294 689 2357; x_wconf 81' lang='lat' dir='ltr'>rebus</span> <span class='ocrx_word' id='word_1_156' title='bbox 716 2294 883 2375; x_wconf 82' lang='lat' dir='ltr'>prosperis.</span> <span class='ocrx_word' id='word_1_157' title='bbox 905 2297 941 2356; x_wconf 91' lang='lat' dir='ltr'>ut</span> <span class='ocrx_word' id='word_1_158' title='bbox 964 2313 1017 2357; x_wconf 90' lang='lat' dir='ltr'>eas</span> <span class='ocrx_word' id='word_1_159' title='bbox 1036 2311 1096 2357; x_wconf 86' lang='lat' dir='ltr'>nou</span> <span class='ocrx_word' id='word_1_160' title='bbox 1117 2293 1271 2366; x_wconf 85' lang='lat' dir='ltr'>amittam,</span> 
     </span>
     <span class='ocr_line' id='line_1_19' title="bbox 122 2399 1273 2482; baseline -0.003 -17"><span class='ocrx_word' id='word_1_161' title='bbox 122 2403 156 2465; x_wconf 90' lang='lat' dir='ltr'>et</span> <span class='ocrx_word' id='word_1_162' title='bbox 180 2403 283 2472; x_wconf 83' lang='lat' dir='ltr'>noete,</span> <span class='ocrx_word' id='word_1_163' title='bbox 308 2399 341 2462; x_wconf 94' lang='lat' dir='ltr'>id</span> <span class='ocrx_word' id='word_1_164' title='bbox 365 2404 414 2462; x_wconf 92' lang='lat' dir='ltr'>est</span> <span class='ocrx_word' id='word_1_165' title='bbox 437 2400 467 2462; x_wconf 92' lang='lat' dir='ltr'>iu</span> <span class='ocrx_word' id='word_1_166' title='bbox 496 2401 590 2462; x_wconf 85' lang='lat' dir='ltr'>rebus</span> <span class='ocrx_word' id='word_1_167' title='bbox 620 2399 772 2462; x_wconf 80' lang='lat' dir='ltr'>aduersis.</span> <span class='ocrx_word' id='word_1_168' title='bbox 798 2403 835 2462; x_wconf 91' lang='lat' dir='ltr'>ut</span> <span class='ocrx_word' id='word_1_169' title='bbox 862 2417 1021 2482; x_wconf 75' lang='lat' dir='ltr'>prospera,</span> <span class='ocrx_word' id='word_1_170' title='bbox 1047 2419 1126 2481; x_wconf 86' lang='lat' dir='ltr'>quae</span> <span class='ocrx_word' id='word_1_171' title='bbox 1155 2399 1273 2462; x_wconf 86' lang='lat' dir='ltr'>amissa</span> 
     </span>
     <span class='ocr_line' id='line_1_20' title="bbox 121 2505 1272 2588; baseline -0.004 -17"><span class='ocrx_word' id='word_1_172' title='bbox 121 2511 208 2582; x_wconf 77' lang='lat' dir='ltr'>sunt,</span> <span class='ocrx_word' id='word_1_173' title='bbox 227 2507 364 2578; x_wconf 83' lang='lat' dir='ltr'>redeant,</span> <span class='ocrx_word' id='word_1_174' title='bbox 385 2525 495 2570; x_wconf 88' lang='lat' dir='ltr'>uerum</span> <span class='ocrx_word' id='word_1_175' title='bbox 519 2506 579 2570; x_wconf 87' lang='lat' dir='ltr'>hoa</span> <span class='ocrx_word' id='word_1_176' title='bbox 605 2526 663 2570; x_wconf 86' lang='lat' dir='ltr'>nen</span> <span class='ocrx_word' id='word_1_177' title='bbox 691 2507 768 2569; x_wconf 85' lang='lat' dir='ltr'>milri</span> <span class='ocrx_word' id='word_1_178' title='bbox 793 2507 831 2569; x_wconf 87' lang='lat' dir='ltr'>ed</span> <span class='ocrx_word' id='word_1_179' title='bbox 855 2506 1069 2588; x_wconf 87' lang='lat' dir='ltr'>insipientiam</span> <span class='ocrx_word' id='word_1_180' title='bbox 1088 2507 1196 2582; x_wconf 81' lang='lat' dir='ltr'>facies,</span> <span class='ocrx_word' id='word_1_181' title='bbox 1217 2505 1272 2568; x_wconf 91' lang='lat' dir='ltr'>sed</span> 
     </span>
     <span class='ocr_line' id='line_1_21' title="bbox 75 2613 1271 2696; baseline -0.004 -18"><span class='ocrx_word' id='word_1_182' title='bbox 75 2633 101 2670; x_wconf 71' lang='lat' dir='ltr'>sn</span> <span class='ocrx_word' id='word_1_183' title='bbox 121 2613 233 2696; x_wconf 87' lang='lat' dir='ltr'>potius</span> <span class='ocrx_word' id='word_1_184' title='bbox 258 2615 294 2676; x_wconf 93' lang='lat' dir='ltr'>ut</span> <span class='ocrx_word' id='word_1_185' title='bbox 317 2615 448 2696; x_wconf 80' lang='lat' dir='ltr'>sapiam,</span> <span class='ocrx_word' id='word_1_186' title='bbox 473 2613 551 2694; x_wconf 91' lang='lat' dir='ltr'>quid</span> <span class='ocrx_word' id='word_1_187' title='bbox 574 2613 635 2676; x_wconf 88' lang='lat' dir='ltr'>ism</span> <span class='ocrx_word' id='word_1_188' title='bbox 660 2633 715 2696; x_wconf 92' lang='lat' dir='ltr'>per</span> <span class='ocrx_word' id='word_1_189' title='bbox 738 2613 813 2677; x_wconf 88' lang='lat' dir='ltr'>noui</span> <span class='ocrx_word' id='word_1_190' title='bbox 837 2614 1021 2676; x_wconf 85' lang='lat' dir='ltr'>testamenti</span> <span class='ocrx_word' id='word_1_191' title='bbox 1045 2613 1179 2694; x_wconf 80' lang='lat' dir='ltr'>gretiam</span> <span class='ocrx_word' id='word_1_192' title='bbox 1200 2631 1218 2674; x_wconf 88' lang='lat' dir='ltr'>a</span> <span class='ocrx_word' id='word_1_193' title='bbox 1240 2617 1271 2674; x_wconf 88' lang='lat' dir='ltr'>te</span> 
     </span>
     <span class='ocr_line' id='line_1_22' title="bbox 120 2718 1272 2804; baseline -0.003 -20"><span class='ocrx_word' id='word_1_194' title='bbox 120 2725 299 2804; x_wconf 81' lang='lat' dir='ltr'>expectare,</span> <span class='ocrx_word' id='word_1_195' title='bbox 319 2718 394 2802; x_wconf 91' lang='lat' dir='ltr'>quid</span> <span class='ocrx_word' id='word_1_196' title='bbox 418 2719 603 2784; x_wconf 88' lang='lat' dir='ltr'>desiderare.</span> <span class='ocrx_word' id='word_1_197' title='bbox 624 2719 699 2800; x_wconf 90' lang='lat' dir='ltr'>quid</span> <span class='ocrx_word' id='word_1_198' title='bbox 720 2738 848 2800; x_wconf 80' lang='lat' dir='ltr'>poscere</span> <span class='ocrx_word' id='word_1_199' title='bbox 868 2720 1009 2783; x_wconf 88' lang='lat' dir='ltr'>debeam.</span> <span class='ocrx_word' id='word_1_200' title='bbox 1034 2720 1135 2782; x_wconf 80' lang='lat' dir='ltr'>clamo</span> <span class='ocrx_word' id='word_1_201' title='bbox 1155 2719 1272 2800; x_wconf 90' lang='lat' dir='ltr'>quippe</span> 
     </span>
     <span class='ocr_line' id='line_1_23' title="bbox 119 2825 1272 2912; baseline -0.004 -21"><span class='ocrx_word' id='word_1_202' title='bbox 119 2847 193 2912; x_wconf 83' lang='lat' dir='ltr'>ego,</span> <span class='ocrx_word' id='word_1_203' title='bbox 219 2833 256 2890; x_wconf 88' lang='lat' dir='ltr'>ut</span> <span class='ocrx_word' id='word_1_204' title='bbox 284 2827 362 2891; x_wconf 88' lang='lat' dir='ltr'>mihi</span> <span class='ocrx_word' id='word_1_205' title='bbox 392 2827 472 2890; x_wconf 88' lang='lat' dir='ltr'>bene</span> <span class='ocrx_word' id='word_1_206' title='bbox 500 2827 687 2907; x_wconf 85' lang='lat' dir='ltr'>temporalia</span> <span class='ocrx_word' id='word_1_207' title='bbox 715 2847 776 2890; x_wconf 89' lang='lat' dir='ltr'>non</span> <span class='ocrx_word' id='word_1_208' title='bbox 804 2827 996 2901; x_wconf 84' lang='lat' dir='ltr'>auferantur,</span> <span class='ocrx_word' id='word_1_209' title='bbox 1021 2829 1061 2890; x_wconf 92' lang='lat' dir='ltr'>tu</span> <span class='ocrx_word' id='word_1_210' title='bbox 1091 2829 1212 2890; x_wconf 87' lang='lat' dir='ltr'>autern</span> <span class='ocrx_word' id='word_1_211' title='bbox 1235 2825 1272 2887; x_wconf 89' lang='lat' dir='ltr'>in</span> 
     </span>
     <span class='ocr_line' id='line_1_24' title="bbox 120 2932 1271 3014; baseline -0.003 -16"><span class='ocrx_word' id='word_1_212' title='bbox 120 2939 254 2998; x_wconf 87' lang='lat' dir='ltr'>saneto</span> <span class='ocrx_word' id='word_1_213' title='bbox 283 2932 443 3009; x_wconf 83' lang='lat' dir='ltr'>habitas,</span> <span class='ocrx_word' id='word_1_214' title='bbox 478 2933 560 2996; x_wconf 88' lang='lat' dir='ltr'>laus</span> <span class='ocrx_word' id='word_1_215' title='bbox 595 2933 748 2996; x_wconf 84' lang='lat' dir='ltr'>Israhel.</span> <span class='ocrx_word' id='word_1_216' title='bbox 784 2935 866 3009; x_wconf 83' lang='lat' dir='ltr'>n0l0,</span> <span class='ocrx_word' id='word_1_217' title='bbox 896 2937 933 2996; x_wconf 94' lang='lat' dir='ltr'>ut</span> <span class='ocrx_word' id='word_1_218' title='bbox 965 2933 1164 3014; x_wconf 89' lang='lat' dir='ltr'>derelinquas</span> <span class='ocrx_word' id='word_1_219' title='bbox 1198 2951 1271 2995; x_wconf 86' lang='lat' dir='ltr'>eon-</span> 
     </span>
     <span class='ocr_line' id='line_1_25' title="bbox 118 3040 1270 3122; baseline -0.004 -17"><span class='ocrx_word' id='word_1_220' title='bbox 118 3040 354 3122; x_wconf 79' lang='lat' dir='ltr'>cupiscentiam</span> <span class='ocrx_word' id='word_1_221' title='bbox 378 3059 491 3114; x_wconf 80' lang='lat' dir='ltr'>meam,</span> <span class='ocrx_word' id='word_1_222' title='bbox 517 3059 578 3120; x_wconf 89' lang='lat' dir='ltr'>qua</span> <span class='ocrx_word' id='word_1_223' title='bbox 602 3042 756 3104; x_wconf 81' lang='lat' dir='ltr'>carnalem</span> <span class='ocrx_word' id='word_1_224' title='bbox 784 3040 968 3104; x_wconf 79' lang='lat' dir='ltr'>felicitatem</span> <span class='ocrx_word' id='word_1_225' title='bbox 994 3041 1134 3120; x_wconf 86' lang='lat' dir='ltr'>requir·a;</span> <span class='ocrx_word' id='word_1_226' title='bbox 1159 3057 1270 3102; x_wconf 87' lang='lat' dir='ltr'>uerum</span> 
     </span>
     <span class='ocr_line' id='line_1_26' title="bbox 72 3146 1270 3228; baseline -0.003 -18"><span class='ocrx_word' id='word_1_227' title='bbox 72 3166 97 3204; x_wconf 76' lang='lat'>2⁵</span> <span class='ocrx_word' id='word_1_228' title='bbox 118 3147 202 3210; x_wconf 85' lang='lat' dir='ltr'>haee</span> <span class='ocrx_word' id='word_1_229' title='bbox 226 3150 275 3210; x_wconf 91' lang='lat' dir='ltr'>est</span> <span class='ocrx_word' id='word_1_230' title='bbox 298 3147 329 3209; x_wconf 90' lang='lat' dir='ltr'>iu</span> <span class='ocrx_word' id='word_1_231' title='bbox 354 3146 500 3211; x_wconf 88' lang='lat' dir='ltr'>serdibus</span> <span class='ocrx_word' id='word_1_232' title='bbox 525 3148 706 3225; x_wconf 82' lang='lat' dir='ltr'>uetustatis,</span> <span class='ocrx_word' id='word_1_233' title='bbox 729 3152 763 3210; x_wconf 91' lang='lat' dir='ltr'>tn</span> <span class='ocrx_word' id='word_1_234' title='bbox 794 3157 899 3211; x_wconf 84' lang='lat' dir='ltr'>autem</span> <span class='ocrx_word' id='word_1_235' title='bbox 929 3148 1053 3228; x_wconf 86' lang='lat' dir='ltr'>qnaeris</span> <span class='ocrx_word' id='word_1_236' title='bbox 1081 3146 1270 3209; x_wconf 88' lang='lat' dir='ltr'>munditiam</span> 
     </span>
    </p>
   </div>
   <div class='ocr_carea' id='block_1_3' title="bbox 213 3406 1129 3476">
    <p class='ocr_par' dir='ltr' id='par_1_3' title="bbox 213 3406 1129 3476">
     <span class='ocr_line' id='line_1_27' title="bbox 213 3406 1129 3476; baseline -0.003 -13"><span class='ocrx_word' id='word_1_237' title='bbox 213 3406 293 3463; x_wconf 77' lang='lat' dir='ltr'>ers.</span> <span class='ocrx_word' id='word_1_238' title='bbox 313 3407 393 3474; x_wconf 86' lang='grc'>21,2</span> <span class='ocrx_word' id='word_1_239' title='bbox 449 3408 624 3476; x_wconf 64' lang='lat' dir='ltr'>sectae</span> <span class='ocrx_word' id='word_1_240' title='bbox 682 3409 713 3460; x_wconf 87' lang='lat'>13</span> <span class='ocrx_word' id='word_1_241' title='bbox 732 3407 777 3460; x_wconf 90' lang='lat' dir='ltr'>Ps.</span> <span class='ocrx_word' id='word_1_242' title='bbox 797 3408 876 3470; x_wconf 85' lang='lat'><strong>21‚3</strong></span> <span class='ocrx_word' id='word_1_243' title='bbox 932 3409 966 3461; x_wconf 83' lang='lat'>22</span> <span class='ocrx_word' id='word_1_244' title='bbox 985 3407 1029 3461; x_wconf 91' lang='lat' dir='ltr'>Ps.</span> <span class='ocrx_word' id='word_1_245' title='bbox 1049 3409 1129 3474; x_wconf 79' lang='lat'>21,4</span> 
     </span>
    </p>
   </div>
   <div class='ocr_carea' id='block_1_4' title="bbox 113 3549 1271 4242">
    <p class='ocr_par' dir='ltr' id='par_1_4' title="bbox 113 3549 1271 4242">
     <span class='ocr_line' id='line_1_28' title="bbox 157 3549 1271 3618; baseline 0.001 -15"><span class='ocrx_word' id='word_1_246' title='bbox 157 3551 171 3603; x_wconf 95' lang='lat'>1</span> <span class='ocrx_word' id='word_1_247' title='bbox 194 3550 289 3616; x_wconf 85' lang='lat' dir='ltr'>oeulis,</span> <span class='ocrx_word' id='word_1_248' title='bbox 310 3549 593 3605; x_wconf 81' lang='lat' dir='ltr'>rn.utur&#39;d.1corr.</span> <span class='ocrx_word' id='word_1_249' title='bbox 618 3552 711 3604; x_wconf 86' lang='lat' dir='ltr'>oculus</span> <span class='ocrx_word' id='word_1_250' title='bbox 734 3551 759 3604; x_wconf 78' lang='lat' dir='ltr'><em>G</em></span> <span class='ocrx_word' id='word_1_251' title='bbox 783 3551 867 3604; x_wconf 84' lang='lat' dir='ltr'>oculis</span> <span class='ocrx_word' id='word_1_252' title='bbox 887 3551 913 3603; x_wconf 86' lang='lat' dir='ltr'><em>L</em></span> <span class='ocrx_word' id='word_1_253' title='bbox 1002 3552 1018 3603; x_wconf 84' lang='lat'><strong>2</strong></span> <span class='ocrx_word' id='word_1_254' title='bbox 1039 3550 1225 3618; x_wconf 85' lang='lat' dir='ltr'>dedignantur</span> <span class='ocrx_word' id='word_1_255' title='bbox 1245 3551 1271 3604; x_wconf 87' lang='lat' dir='ltr'><em>G</em></span> 
     </span>
     <span class='ocr_line' id='line_1_29' title="bbox 116 3639 1271 3709; baseline 0.003 -20"><span class='ocrx_word' id='word_1_256' title='bbox 116 3643 132 3691; x_wconf 72' lang='lat'>:3</span> <span class='ocrx_word' id='word_1_257' title='bbox 155 3640 285 3707; x_wconf 86' lang='lat' dir='ltr'>eeclesia]</span> <span class='ocrx_word' id='word_1_258' title='bbox 306 3641 426 3709; x_wconf 83' lang='lat' dir='ltr'>peccatis</span> <span class='ocrx_word' id='word_1_259' title='bbox 445 3639 477 3692; x_wconf 89' lang='lat' dir='ltr'><strong><em>N</em></strong></span> <span class='ocrx_word' id='word_1_260' title='bbox 529 3641 683 3709; x_wconf 87' lang='lat' dir='ltr'>sicut—pro</span> <span class='ocrx_word' id='word_1_261' title='bbox 704 3640 751 3692; x_wconf 90' lang='lat' dir='ltr'>illo</span> <span class='ocrx_word' id='word_1_262' title='bbox 772 3640 886 3693; x_wconf 84' lang='lat' dir='ltr'>ecclesia</span> <span class='ocrx_word' id='word_1_263' title='bbox 904 3641 1061 3709; x_wconf 84' lang='lat' dir='ltr'>patiebatur</span> <span class='ocrx_word' id='word_1_264' title='bbox 1074 3657 1126 3694; x_wconf 80' lang='lat' dir='ltr'>nnn.</span> <span class='ocrx_word' id='word_1_265' title='bbox 1149 3639 1172 3692; x_wconf 90' lang='lat'><strong><em>0</em></strong></span> <span class='ocrx_word' id='word_1_266' title='bbox 1208 3643 1226 3693; x_wconf 82' lang='lat'>4</span> <span class='ocrx_word' id='word_1_267' title='bbox 1243 3641 1271 3693; x_wconf 91' lang='lat' dir='ltr'>in</span> 
     </span>
     <span class='ocr_line' id='line_1_30' title="bbox 115 3727 1270 3798; baseline 0 -16"><span class='ocrx_word' id='word_1_268' title='bbox 115 3727 239 3783; x_wconf 85' lang='lat' dir='ltr'>eeclesia</span> <span class='ocrx_word' id='word_1_269' title='bbox 256 3729 413 3798; x_wconf 81' lang='lat' dir='ltr'>petiebatur</span> <span class='ocrx_word' id='word_1_270' title='bbox 431 3729 489 3798; x_wconf 89' lang='lat' dir='ltr'>ipse</span> <span class='ocrx_word' id='word_1_271' title='bbox 509 3729 568 3784; x_wconf 81' lang='lat' dir='ltr'>edd.</span> <span class='ocrx_word' id='word_1_272' title='bbox 624 3731 640 3782; x_wconf 87' lang='lat'><strong>6</strong></span> <span class='ocrx_word' id='word_1_273' title='bbox 661 3729 726 3782; x_wconf 86' lang='lat' dir='ltr'>deus</span> <span class='ocrx_word' id='word_1_274' title='bbox 746 3729 981 3797; x_wconf 86' lang='lat' dir='ltr'>deus-patientis</span> <span class='ocrx_word' id='word_1_275' title='bbox 1000 3747 1051 3783; x_wconf 88' lang='lat' dir='ltr'>om.</span> <span class='ocrx_word' id='word_1_276' title='bbox 1074 3731 1097 3782; x_wconf 89' lang='lat'><strong><em>0</em></strong></span> <span class='ocrx_word' id='word_1_277' title='bbox 1168 3730 1270 3797; x_wconf 88' lang='lat' dir='ltr'>respice</span> 
     </span>
     <span class='ocr_line' id='line_1_31' title="bbox 113 3817 1269 3888; baseline -0.003 -17"><span class='ocrx_word' id='word_1_278' title='bbox 113 3836 162 3872; x_wconf 90' lang='lat' dir='ltr'>me</span> <span class='ocrx_word' id='word_1_279' title='bbox 178 3833 262 3888; x_wconf 82' lang='lat' dir='ltr'>quare</span> <span class='ocrx_word' id='word_1_280' title='bbox 277 3835 320 3870; x_wconf 88' lang='lat' dir='ltr'>me</span> <span class='ocrx_word' id='word_1_281' title='bbox 335 3817 504 3887; x_wconf 87' lang='lat' dir='ltr'>dereliquisti</span> <span class='ocrx_word' id='word_1_282' title='bbox 519 3818 600 3888; x_wconf 88' lang='lat' dir='ltr'>longe</span> <span class='ocrx_word' id='word_1_283' title='bbox 611 3835 627 3872; x_wconf 88' lang='lat' dir='ltr'>a</span> <span class='ocrx_word' id='word_1_284' title='bbox 638 3818 725 3872; x_wconf 88' lang='lat' dir='ltr'>salute</span> <span class='ocrx_word' id='word_1_285' title='bbox 741 3819 780 3871; x_wconf 89' lang='lat' dir='ltr'>sie</span> <span class='ocrx_word' id='word_1_286' title='bbox 794 3818 819 3870; x_wconf 85' lang='lat' dir='ltr'><strong><em>T</em></strong></span> <span class='ocrx_word' id='word_1_287' title='bbox 830 3819 932 3886; x_wconf 82' lang='lat' dir='ltr'>respice</span> <span class='ocrx_word' id='word_1_288' title='bbox 948 3824 998 3871; x_wconf 86' lang='lat' dir='ltr'>etc.</span> <span class='ocrx_word' id='word_1_289' title='bbox 1010 3819 1049 3870; x_wconf 84' lang='lat' dir='ltr'>sie</span> <span class='ocrx_word' id='word_1_290' title='bbox 1063 3819 1123 3870; x_wconf 86' lang='lat' dir='ltr'>edd.</span> <span class='ocrx_word' id='word_1_291' title='bbox 1162 3819 1269 3871; x_wconf 75' lang='lat' dir='ltr'>letiam</span> 
     </span>
     <span class='ocr_line' id='line_1_32' title="bbox 113 3905 1271 3975; baseline -0.002 -15"><span class='ocrx_word' id='word_1_292' title='bbox 113 3906 275 3960; x_wconf 87' lang='lat' dir='ltr'>audiuimus</span> <span class='ocrx_word' id='word_1_293' title='bbox 295 3905 327 3958; x_wconf 88' lang='lat' dir='ltr'><em>N</em></span> <span class='ocrx_word' id='word_1_294' title='bbox 343 3905 402 3962; x_wconf 83' lang='lat' dir='ltr'>edd.</span> <span class='ocrx_word' id='word_1_295' title='bbox 503 3908 644 3961; x_wconf 86' lang='lat' dir='ltr'>ecclesiam</span> <span class='ocrx_word' id='word_1_296' title='bbox 663 3906 718 3960; x_wconf 86' lang='lat' dir='ltr'>LR</span> <span class='ocrx_word' id='word_1_297' title='bbox 784 3908 813 3960; x_wconf 90' lang='lat' dir='ltr'>ll</span> <span class='ocrx_word' id='word_1_298' title='bbox 836 3907 981 3975; x_wconf 74' lang='lat' dir='ltr'>dereliquit</span> <span class='ocrx_word' id='word_1_299' title='bbox 999 3906 1057 3958; x_wconf 85' lang='lat' dir='ltr'>NT</span> <span class='ocrx_word' id='word_1_300' title='bbox 1122 3909 1153 3958; x_wconf 78' lang='grc'>14</span> <span class='ocrx_word' id='word_1_301' title='bbox 1173 3907 1271 3958; x_wconf 82' lang='lat' dir='ltr'>necin</span> 
     </span>
     <span class='ocr_line' id='line_1_33' title="bbox 114 3995 1271 4063; baseline -0.001 -14"><span class='ocrx_word' id='word_1_302' title='bbox 114 4012 176 4052; x_wconf 80' lang='lat' dir='ltr'>ms.</span> <span class='ocrx_word' id='word_1_303' title='bbox 197 4013 231 4048; x_wconf 86' lang='lat' dir='ltr'>m.</span> <span class='ocrx_word' id='word_1_304' title='bbox 250 4001 282 4048; x_wconf 83' lang='lat' dir='ltr'>ut</span> <span class='ocrx_word' id='word_1_305' title='bbox 301 3995 360 4051; x_wconf 81' lang='lat' dir='ltr'>uid.</span> <span class='ocrx_word' id='word_1_306' title='bbox 379 3999 402 4062; x_wconf 89' lang='lat'>1,</span> <span class='ocrx_word' id='word_1_307' title='bbox 420 3997 506 4062; x_wconf 76' lang='lat' dir='ltr'>fuisse</span> <span class='ocrx_word' id='word_1_308' title='bbox 524 3996 582 4048; x_wconf 83' lang='lat' dir='ltr'>uid.</span> <span class='ocrx_word' id='word_1_309' title='bbox 601 4012 654 4048; x_wconf 90' lang='lat' dir='ltr'>nnn</span> <span class='ocrx_word' id='word_1_310' title='bbox 675 3995 701 4048; x_wconf 58' lang='grc' dir='ltr'>Ι]</span> <span class='ocrx_word' id='word_1_311' title='bbox 792 3997 844 4051; x_wconf 83' lang='lat' dir='ltr'>lricl</span> <span class='ocrx_word' id='word_1_312' title='bbox 864 3997 903 4048; x_wconf 83' lang='lat' dir='ltr'>sie</span> <span class='ocrx_word' id='word_1_313' title='bbox 927 3996 951 4048; x_wconf 87' lang='grc' dir='ltr'><em>Τ</em></span> <span class='ocrx_word' id='word_1_314' title='bbox 1042 3996 1073 4049; x_wconf 80' lang='grc'>15</span> <span class='ocrx_word' id='word_1_315' title='bbox 1093 3995 1225 4063; x_wconf 80' lang='lat' dir='ltr'>adiunget</span> <span class='ocrx_word' id='word_1_316' title='bbox 1242 3995 1271 4048; x_wconf 92' lang='lat' dir='ltr'><em>N</em></span> 
     </span>
     <span class='ocr_line' id='line_1_34' title="bbox 115 4083 1271 4152; baseline -0.003 -14"><span class='ocrx_word' id='word_1_317' title='bbox 115 4086 152 4140; x_wconf 88' lang='lat'>16</span> <span class='ocrx_word' id='word_1_318' title='bbox 173 4085 302 4152; x_wconf 87' lang='lat' dir='ltr'>nonme]</span> <span class='ocrx_word' id='word_1_319' title='bbox 323 4101 412 4138; x_wconf 88' lang='lat' dir='ltr'>nonne</span> <span class='ocrx_word' id='word_1_320' title='bbox 435 4083 458 4136; x_wconf 89' lang='lat'><em>0</em></span> <span class='ocrx_word' id='word_1_321' title='bbox 562 4087 592 4138; x_wconf 84' lang='grc'>17</span> <span class='ocrx_word' id='word_1_322' title='bbox 613 4085 737 4138; x_wconf 78' lang='lat' dir='ltr'>sinitram</span> <span class='ocrx_word' id='word_1_323' title='bbox 761 4087 784 4136; x_wconf 81' lang='lat' dir='ltr'>t)</span> <span class='ocrx_word' id='word_1_324' title='bbox 885 4086 916 4138; x_wconf 79' lang='grc'>18</span> <span class='ocrx_word' id='word_1_325' title='bbox 936 4087 1064 4136; x_wconf 88' lang='lat' dir='ltr'>ammissa</span> <span class='ocrx_word' id='word_1_326' title='bbox 1081 4089 1145 4136; x_wconf 89' lang='lat' dir='ltr'>sunt</span> <span class='ocrx_word' id='word_1_327' title='bbox 1163 4083 1189 4136; x_wconf 86' lang='lat' dir='ltr'><em>L</em></span> <span class='ocrx_word' id='word_1_328' title='bbox 1207 4089 1271 4137; x_wconf 85' lang='lat' dir='ltr'>aunt</span> 
     </span>
     <span class='ocr_line' id='line_1_35' title="bbox 113 4173 1271 4242; baseline -0.003 -14"><span class='ocrx_word' id='word_1_329' title='bbox 113 4173 270 4228; x_wconf 84' lang='lat' dir='ltr'>amissuT</span> <span class='ocrx_word' id='word_1_330' title='bbox 336 4174 367 4224; x_wconf 88' lang='grc'>19</span> <span class='ocrx_word' id='word_1_331' title='bbox 387 4173 455 4226; x_wconf 89' lang='lat' dir='ltr'>mihi</span> <span class='ocrx_word' id='word_1_332' title='bbox 473 4190 528 4226; x_wconf 90' lang='lat' dir='ltr'>non</span> <span class='ocrx_word' id='word_1_333' title='bbox 547 4173 607 4226; x_wconf 83' lang='lat' dir='ltr'>edd.</span> <span class='ocrx_word' id='word_1_334' title='bbox 682 4175 900 4242; x_wconf 66' lang='lat' dir='ltr'>toperom.l&#39;</span> <span class='ocrx_word' id='word_1_335' title='bbox 972 4173 1099 4227; x_wconf 81' lang='lat' dir='ltr'>sdteR</span> <span class='ocrx_word' id='word_1_336' title='bbox 1162 4173 1271 4226; x_wconf 62' lang='grc'><strong>21011-</strong></span> 
     </span>
    </p>
   </div>
   <div class='ocr_carea' id='block_1_5' title="bbox 112 4253 1107 4358">
    <p class='ocr_par' dir='ltr' id='par_1_5' title="bbox 112 4253 1107 4358">
     <span class='ocr_line' id='line_1_36' title="bbox 112 4253 1107 4358; baseline -0.001 -15"><span class='ocrx_word' id='word_1_337' title='bbox 112 4288 201 4343; x_wconf 80' lang='lat' dir='ltr'>mabo</span> <span class='ocrx_word' id='word_1_338' title='bbox 224 4287 280 4342; x_wconf 78' lang='lat' dir='ltr'>GT</span> <span class='ocrx_word' id='word_1_339' title='bbox 333 4289 367 4340; x_wconf 84' lang='lat'>22</span> <span class='ocrx_word' id='word_1_340' title='bbox 388 4253 414 4356; x_wconf 63' lang='grc' dir='ltr'>ἔ,</span> <span class='ocrx_word' id='word_1_341' title='bbox 435 4290 464 4341; x_wconf 81' lang='lat' dir='ltr'>in</span> <span class='ocrx_word' id='word_1_342' title='bbox 484 4305 568 4358; x_wconf 77' lang='lat' dir='ltr'>nrarp.</span> <span class='ocrx_word' id='word_1_343' title='bbox 590 4307 623 4342; x_wconf 85' lang='lat' dir='ltr'>m.</span> <span class='ocrx_word' id='word_1_344' title='bbox 643 4294 657 4342; x_wconf 89' lang='lat'><em>1</em></span> <span class='ocrx_word' id='word_1_345' title='bbox 677 4307 726 4356; x_wconf 86' lang='lat' dir='ltr'>ego</span> <span class='ocrx_word' id='word_1_346' title='bbox 752 4289 777 4341; x_wconf 86' lang='lat' dir='ltr'><strong><em>T</em></strong></span> <span class='ocrx_word' id='word_1_347' title='bbox 829 4291 862 4342; x_wconf 80' lang='grc'>24</span> <span class='ocrx_word' id='word_1_348' title='bbox 883 4289 989 4356; x_wconf 84' lang='lat' dir='ltr'>requiro</span> <span class='ocrx_word' id='word_1_349' title='bbox 1010 4289 1107 4342; x_wconf 65' lang='lat' dir='ltr'>onst)</span> 
     </span>
    </p>
   </div>
   <div class='ocr_carea' id='block_1_6' title="bbox 0 0 1550 4959">
    <p class='ocr_par' dir='ltr' id='par_1_6' title="bbox 0 0 1550 4959">
     <span class='ocr_line' id='line_1_37' title="bbox 0 0 1550 4959; baseline 0 3"><span class='ocrx_word' id='word_1_350' title='bbox 0 0 1550 4959; x_wconf 95' lang='lat' dir='ltr'> </span> 
     </span>
    </p>
   </div>
  </div>
 </body>
</html>
