3092 4959
267 408 331 471 492
626 406 652 459 S.
680 405 818 459 Aureli
845 406 1065 475 Augustini

266 601 405 682 praemia
421 601 454 664 in
474 600 676 665 conscientiis
695 603 781 680 sunt,
801 600 933 684 quaeuis
954 606 1004 665 est
1022 601 1085 666 ista
1104 621 1167 665 una
1185 602 1290 667 anima
1309 602 1417 666 ellectu

267 724 303 769 er
331 706 442 770 multis
475 708 599 784 animis,
633 707 794 791 affligatur
822 712 855 771 et
882 708 1019 772 laetetur
1048 708 1078 771 in
1107 727 1180 785 nna,
1213 710 1251 772 ut
1279 711 1417 791 apparet.

266 811 447 876 substantia
465 832 500 876 er
519 812 630 878 multis
654 814 767 877 animis
792 812 942 889 collecta;
967 816 1023 877 ant
1042 814 1070 877 si
1089 814 1150 879 hoc
1174 814 1303 891 dicitur,
1325 832 1417 895 quern

266 918 458 983 admodum
483 937 547 983 una
569 940 619 983 res
644 920 769 984 animus
793 921 996 1003 incorporeus
1022 923 1054 985 et
1076 920 1108 984 in
1133 940 1169 984 eo
1194 921 1348 985 memoria
1372 922 1420 982 est

245 1029 300 1089 ·et
325 1025 474 1091 uoluntas
503 1030 536 1091 et
562 1027 746 1091 intellectus
776 1032 808 1091 et·
833 1028 893 1091 hae
927 1046 1036 1091 omnes
1071 1046 1185 1092 causae
1217 1028 1419 1109 incorporeae
1448 1044 1459 1083 s

266 1135 342 1196 sunt
374 1136 407 1197 et
437 1133 553 1197 habent
590 1132 767 1197 officiorum
807 1152 979 1217 congruam
1012 1134 1189 1216 portionem
1223 1152 1281 1197 nec
1314 1138 1419 1196 tamen

266 1240 366 1303 altera
388 1241 520 1303 alteram
543 1240 688 1322 impedit,
716 1244 891 1321 utcumque
914 1244 992 1324 puto
1017 1259 1087 1305 esse
1111 1239 1304 1321 responderi,
1328 1241 1366 1302 ut
1389 1242 1420 1302 el

266 1346 391 1429 aliquas
413 1365 531 1429 poenae
551 1350 583 1411 et
601 1347 723 1430 aliquas
746 1348 887 1430 praemia
911 1348 1103 1412 comitentur
1121 1347 1151 1411 in
1172 1367 1234 1411 una
1254 1366 1290 1410 ex
1309 1345 1420 1410 multis

177 1436 180 1441 ¹
222 1455 242 1518 6
266 1454 381 1518 animis
409 1455 543 1519 collecta
570 1454 765 1530 substantia;
795 1457 851 1518 aut
875 1454 903 1518 si
927 1474 986 1519 non
1011 1456 1058 1519 ita
1081 1457 1140 1529 est,
1170 1453 1248 1535 quid
1275 1451 1419 1534 impedit,

267 1560 295 1623 si
317 1560 537 1642 unusquisque
561 1560 696 1636 animae,
724 1579 797 1624 oum
823 1579 938 1643 corpus
962 1561 1023 1625 lroc
1047 1559 1185 1624 solidum
1211 1562 1307 1633 caret,
1332 1556 1419 1621 aliud
1438 1578 1460 1613 ro

266 1667 382 1732 lrabeat
405 1686 531 1751 corpus
554 1672 591 1732 ut
609 1668 678 1751 ipse
697 1668 822 1731 animus
848 1687 973 1751 semper·
997 1666 1125 1751 aliquod
1150 1686 1265 1749 corpus
1291 1666 1419 1741 animet,

267 1778 323 1838 arat
355 1794 416 1855 quo
449 1775 626 1838 transitum·
653 1774 739 1851 iacit,
773 1776 802 1838 si
835 1774 902 1839 ulla
934 1776 1021 1858 regio
1056 1776 1114 1850 est,
1150 1773 1189 1837 ad
1221 1792 1318 1855 quam
1347 1791 1418 1836 eum

252 1881 441 1945 'necessitas
469 1880 515 1943 ire
547 1882 722 1963 compellit,
755 1882 879 1963 quando
913 1881 1040 1963 quidem
1069 1884 1102 1945 et
1128 1880 1191 1963 ipsi
1224 1878 1330 1963 angeli
1364 1896 1418 1941 nec

266 1986 361 2051 multi
385 1987 446 2051 dici
471 1990 614 2070 possunt,
638 1988 749 2053 sinon
775 1988 960 2071 conpositus
983 1992 1197 2063 numerentur,
1221 1990 1259 2050 ut
1282 1986 1327 2050 ait
1351 1986 1420 2067 ipsa

266 2094 385 2158 ueritas
413 2094 445 2157 in
475 2094 658 2176 euangelio:
691 2095 847 2160 Possem
880 2112 1012 2178 rogare
1044 2098 1189 2175 patrem
1222 2112 1355 2160 uroum.
1379 2098 1459 2155 ura

267 2199 466 2265 duodecim
499 2200 591 2264 mihi
623 2200 795 2285 legiones
829 2201 1050 2284 angelorum
1088 2198 1272 2276 misisset,
1307 2197 1417 2261 deinde

267 2325 339 2370 curu
377 2309 503 2370 constet
539 2304 742 2370 Samuhelem
775 2306 805 2369 in
839 2323 967 2388 corpore
1001 2304 1099 2369 fuisse
1136 2304 1255 2381 uisum,
1294 2302 1417 2385 quando

267 2414 422 2477 excitatus
459 2417 509 2478 est
545 2412 586 2475 ad
622 2414 758 2494 petitum
796 2412 882 2490 Saul,
920 2416 951 2477 et
988 2412 1127 2495 Moyses,
1170 2411 1264 2475 cuius
1303 2429 1416 2492 corpus

266 2520 429 2601 sepultum
449 2521 508 2595 est,
528 2519 702 2583 secundum
722 2518 925 2603 euangelium
945 2518 1149 2583 manifestum
1171 2518 1213 2581 sit
1233 2518 1263 2581 in
1290 2536 1416 2601 corpore

266 2646 340 2689 eum
375 2626 511 2717 uenisse
540 2624 578 2689 ad
615 2625 778 2689 dominum
815 2627 846 2689 in
880 2628 1032 2699 montem,
1067 2644 1139 2689 cum
1173 2625 1456 2689 constitissentao

266 2752 458 2816 quamquam
483 2737 514 2796 et
536 2733 567 2803 in
592 2733 780 2815 apocryphis
805 2736 836 2796 et
859 2732 890 2795 in
915 2732 1046 2796 secretis
1070 2732 1172 2813 ipsius
1196 2728 1312 2813 Moysi,
1337 2748 1416 2813 quse

266 2841 422 2921 scriptura
446 2844 531 2903 caret
554 2840 753 2916 auctoritate,
784 2844 869 2913 tunc,
899 2858 972 2903 oum
1001 2837 1185 2902 ascenderet
1207 2838 1239 2901 in
1263 2840 1415 2913 montem,

265 2951 303 3011 nt
321 2948 505 3022 moreretur,
529 2946 563 3009 ui
582 2945 721 3028 corporis
747 2944 893 3021 efficitur,
918 2950 955 3008 ut
979 2944 1066 3009 aliud
1090 2948 1186 3021 esset,
1212 2943 1298 3026 quod
1317 2950 1415 3007 terrae

265 3052 477 3128 manderetur,
501 3052 597 3127 aliud,
627 3052 711 3135 quod
734 3052 847 3136 angelo
873 3052 1037 3115 comitanti
1061 3051 1246 3116 sociaretur.
1276 3050 1332 3115 sed
1356 3069 1413 3115 non

266 3159 345 3223 satis
368 3163 484 3242 urguet
505 3179 556 3221 me
580 3158 831 3240 apocryphorum
856 3158 994 3241 proferre
1023 3158 1213 3222 seutentiam
1236 3156 1302 3222 illis
1325 3174 1415 3239 supe·
1432 3171 1455 3211 ε

265 3266 402 3330 rioribus
434 3265 529 3331 rebus
564 3264 711 3329 definitis
749 3264 921 3329 uidendum
955 3283 1029 3349 ergo
1063 3266 1096 3328 et
1127 3264 1196 3329 siue
1229 3264 1414 3329 auctoritate

265 3373 334 3436 siue
361 3372 480 3436 ratione
509 3372 735 3455 indagandum,
765 3372 851 3453 quod
879 3371 1050 3453 quaeritur.
1086 3371 1142 3435 sed
1171 3370 1298 3447 dicitnr,
1332 3368 1413 3452 qnod

264 3480 452 3544 resurrectio
482 3479 589 3542 sutura
618 3478 764 3542 ostendat
793 3496 861 3542 eam
896 3479 980 3541 omni
1014 3497 1142 3560 corpore
1175 3479 1327 3543 caruisse.
1359 3496 1412 3540 nec

357 3672 388 3722 15
407 3670 505 3723 matth.
525 3671 568 3731 26,
589 3670 623 3723 53
680 3670 711 3723 17
733 3669 745 3721 1
764 3670 832 3738 Reg.
852 3668 895 3732 28,
918 3669 950 3722 14
1007 3668 1040 3723 18
1058 3668 1157 3722 matth.
1179 3668 1221 3735 17,
1241 3668 1258 3721 3

303 3778 314 3829 1
337 3778 364 3829 in
384 3778 545 3830 consocientis
565 3778 592 3829 P
609 3777 637 3829 in
657 3776 825 3829 conscientia
849 3774 875 3829 U
945 3779 1017 3828 sunt.
1038 3773 1156 3839 Quaeuis
1176 3775 1237 3828 cdd.
1297 3776 1313 3827 2
1333 3792 1412 3843 appu·

265 3868 324 3918 reat
344 3865 469 3921 Vc‘eoo.
507 3866 745 3936 ssproportionem
770 3864 797 3919 U
831 3864 988 3933 7impedit.
1009 3864 1161 3933 Utcumque
1180 3864 1241 3920 cdd.
1298 3882 1410 3935 possem

267 3956 299 4007 10
319 3972 428 4024 corpore
449 3943 499 4009 doc
518 3955 606 4008 solido
631 3954 685 4007 VU
701 3954 778 4020 ccld.;
797 3956 832 4022 cs.
847 3970 877 4021 p.
901 3956 967 4017 496,
987 3957 1029 4007 22
1134 3954 1166 4006 16
1191 3954 1259 4007 mihi
1279 3954 1411 4023 legionesi

265 4044 342 4096 milis
360 4044 470 4111 legionu
489 4044 516 4095 P
581 4045 613 4096 18
634 4046 676 4096 est
695 4060 745 4097 om.
765 4042 793 4095 P
811 4044 852 4112 piro
865 4042 925 4111 fiac
942 4046 982 4109 u.)
1006 4041 1033 4095 U
1049 4038 1105 4095 lsi
1177 4042 1340 4111 petitionem
1364 4040 1416 4095 ΓΕ

266 4132 326 4186 cdd,
417 4133 528 4199 Moysen
547 4150 596 4186 rm
687 4132 722 4185 20
740 4132 769 4184 in
789 4134 881 4185 monte
904 4130 960 4185 VU
976 4130 1037 4185 cdd.
1127 4131 1162 4183 24
1182 4130 1241 4197 alit,
1259 4148 1295 4184 m.
1315 4136 1330 4183 1
1348 4146 1414 4185 corr.

266 4220 335 4273 aliut
353 4221 380 4274 P
435 4221 469 4273 25
488 4221 625 4290 praeferre
648 4220 705 4273 Π]
720 4220 781 4272 edd.
849 4220 883 4272 26
903 4220 1009 4273 rombus
1027 4220 1054 4272 P
1127 4224 1154 4272 et
1172 4219 1231 4271 siue
1250 4221 1413 4273 auctoritare

242 4313 295 4360 'et
314 4308 371 4361 siue
391 4310 496 4361 ratione
520 4310 591 4363 Vct
609 4310 667 4361 siue
686 4310 792 4361 ratione
813 4316 841 4361 et
861 4313 899 4373 (et
918 4326 939 4363 s.
959 4314 998 4375 oc.)
1020 4309 1077 4361 siue
1097 4308 1261 4361 auctoritato
1285 4308 1312 4361 U
