3092 4959
426 397 695 467 epistularum
725 397 828 455 CXXX.
859 399 977 457 CXXXI.
1240 409 1280 473 77

128 592 162 656 in
188 592 289 656 altera
317 591 433 677 diligit,
457 593 541 676 quod
568 594 651 670 ideo,
677 595 751 678 quia
779 615 838 660 nou
867 599 975 679 potest
1002 598 1082 680 ipsa,
1111 618 1172 665 non
1194 599 1281 665 facit.

126 698 273 781 proinde,
303 701 514 782 quotminus
542 703 640 779 uolet,
667 721 729 767 non
758 703 910 786 impediet
938 704 1011 786 plus
1044 706 1203 771 ualentem
1239 711 1280 784 et,

128 825 213 888 quae
241 804 314 888 plus
347 807 444 886 uulot,
474 825 535 872 non
568 811 682 892 urgeat
712 809 818 874 minus
850 811 1022 875 ualentem.
1056 812 1280 878 conscientiam

122 913 251 996 quippo
274 915 413 978 nostrum
438 913 496 979 deo
516 914 653 988 debetis;
678 917 817 981 nemini
841 921 946 982 autern
968 919 1111 984 uestrum
1134 917 1279 1002 aliquid

88 1020 317 1097 edebeatis,
342 1021 418 1085 nisi
441 1026 483 1087 ut
505 1021 669 1087 inuicem
693 1022 879 1105 diligatis.
905 1024 1051 1088 exaudiet
1070 1028 1101 1089 te
1121 1025 1278 1103 dominus,

127 1128 197 1209 qui
219 1129 357 1209 potens
381 1131 440 1192 est
457 1127 580 1193 fucere
604 1147 727 1212 supra,
748 1148 856 1210 quam
879 1131 1043 1214 petimus
1069 1135 1105 1198 et
1128 1131 1277 1198 intelle-

126 1251 267 1317 grmus.

634 1427 775 1494 CXXXI.

331 1563 501 1620 DOIIINAE
519 1564 662 1620 INSIGNI
681 1565 725 1619 ET
744 1565 883 1622 MERITO
902 1565 1073 1621 INLUSTRI

72 1668 102 1708 ro
209 1653 256 1710 ΕΤ
273 1652 634 1710 PRAESTANTISSIMAE
652 1654 775 1710 FILIAII
793 1654 938 1710 PROBAE
958 1655 1197 1713 AUGUSTINUS.

171 1781 235 1846 Est
257 1781 385 1864 quidem
407 1781 463 1859 itu,
487 1784 525 1845 ut
542 1781 633 1860 dicis,
653 1781 738 1864 quod
756 1782 788 1845 iu
808 1801 937 1866 corpore
957 1783 1155 1866 corruptibili
1174 1783 1278 1849 anima

124 1889 306 1954 constituta
337 1891 462 1952 terrena
493 1889 627 1970 quadam
666 1889 852 1974 contagione
890 1889 1117 1975 constringitur
1153 1893 1184 1956 ct
1220 1891 1278 1956 tuli

123 2015 222 2062 onere
246 1993 383 2078 quodam
405 1996 500 2060 modo
524 1994 674 2078 depressa
692 1999 852 2075 curuatur,
872 1995 958 2061 utin
977 1997 1041 2062 imo
1061 1996 1163 2062 multa
1182 2017 1276 2080 quem

219 2221 331 2275 enom.
352 2221 430 2285 ree
485 2221 588 2292 cnpn.
607 2222 632 2286 3,
654 2222 688 2276 20

163 2346 276 2415 lquie]
296 2345 410 2414 quueO
528 2345 590 2414 ipsa
607 2362 662 2398 non
681 2345 797 2399 fucitin
814 2361 871 2400 rue.
889 2363 924 2400 m.
945 2344 1002 2400 31
1120 2363 1175 2402 non
1195 2349 1222 2414 (o
1242 2363 1275 2402 esc

123 2453 198 2491 corr.
216 2451 252 2488 m.
272 2434 302 2503 2)
320 2433 354 2488 Η
400 2439 466 2502 pont
483 2434 551 2488 facit
567 2435 691 2502 spatium
709 2434 833 2488 relictum
852 2439 900 2501 est,
918 2435 949 2488 iu
967 2451 1020 2503 quo
1039 2451 1073 2489 m.
1095 2439 1113 2489 3
1132 2436 1192 2505 ipsu
1209 2435 1276 2490 iacit

121 2522 239 2593 empsit
255 2522 292 2576 P¹
365 2523 382 2574 2
401 2524 482 2592 quoe]
503 2521 567 2593 quia
584 2522 606 2575 I
622 2524 683 2592 qni·
697 2523 731 2575 M
816 2522 892 2577 ualet
909 2539 961 2577 om.
980 2524 1015 2577 Η
1029 2523 1074 2594 (m.
1094 2528 1114 2579 2
1134 2524 1211 2594 add.)
1229 2523 1279 2578 IV

122 2618 173 2680 (m.
192 2615 214 2667 2
231 2613 263 2666 in
278 2627 367 2680 marp.
385 2609 463 2677 add.)
562 2613 591 2664 et
608 2611 705 2666 om.0
794 2611 899 2679 Squee
919 2611 979 2680 plus
996 2611 1073 2665 uolet
1091 2609 1111 2666 I
1127 2627 1196 2681 qnae
1214 2611 1274 2681 plus

122 2701 215 2757 uellet
236 2699 338 2771 Oplus
356 2700 452 2753 ualens
469 2698 507 2752 Ρι
579 2702 678 2769 urgeat
694 2701 787 2768 (crepet
805 2703 870 2769 gest
887 2717 922 2756 ιιι.
941 2703 961 2754 2
978 2703 1046 2768 rein)
1063 2699 1097 2753 K
1112 2705 1229 2770 urgueat
1252 2699 1278 2753 V

121 2795 211 2860 (poet.
231 2807 249 2844 u
267 2794 338 2858 exp.)
357 2788 385 2841 L
436 2789 592 2843 4uestrcm
611 2788 708 2842 om.O
780 2787 895 2858 aliquid]
916 2789 1057 2858 quicquain
1076 2787 1140 2842 ΡΡ1
1195 2793 1273 2844 bex-

122 2877 443 2947 uudiut—intellegimus
467 2877 574 2931 duobuc
596 2877 767 2931 breuioribus
788 2878 933 2932 cunculis
959 2878 1096 2948 niultoquc
1122 2877 1274 2932 mino-ribus

122 2967 229 3023 litem
239 2965 398 3035 perscripta
414 2971 482 3020 cunt
498 2965 533 3018 H
548 2982 600 3019 om.
619 2965 677 3020 ΚΕ
785 2967 801 3018 6
821 2971 917 3035 potens
938 2968 990 3034 eet]
1009 2968 1087 3034 potes
1107 2966 1150 3032 (m.
1170 2971 1185 3019 1
1204 2983 1272 3021 corr.
1287 2959 1289 2964 Α

118 3057 237 3128 potens)
256 3057 299 3108 est
315 3053 350 3106 M
368 3056 461 3124 potest
481 3051 561 3107 OIP²
632 3069 713 3123 super
730 3051 885 3107 MFACP²
956 3057 1003 3107 aut
1016 3053 1069 3108 PG
1085 3053 1145 3107 edei.
1160 3061 1273 3122 praeter

119 3163 141 3200 a
161 3159 215 3200 uec.
234 3159 306 3198 cuer.
326 3143 379 3200 litt.

233 3319 260 3371 P
287 3342 322 3366 =
341 3319 399 3373 cod.
418 3319 570 3374 Patisium
588 3336 654 3377 nou.
674 3335 732 3386 acq.
752 3321 830 3373 1443
847 3334 868 3372 c.
888 3317 1010 3372 IX—X.

232 3407 270 3461 M
287 3414 320 3452 ='
339 3407 397 3460 cod.
415 3407 596 3462 Monuccneie
617 3410 697 3461 6266
714 3424 735 3460 c.
755 3405 793 3459 X.

233 3497 264 3550 F
286 3521 321 3542 =
339 3497 398 3551 cod.
417 3495 635 3566 Saliebcrpemis
652 3495 682 3549 X
700 3499 740 3549 29
756 3512 778 3549 e.
798 3495 918 3548 X-XI.

223 3588 258 3640 ‘A
286 3610 320 3630 =
339 3585 397 3639 cod.
416 3585 724 3654 Audomaropolitanue
744 3587 791 3646 76,
812 3589 839 3648 8,
861 3586 879 3636 9
896 3599 917 3638 c.
937 3583 1059 3636 X-XI.

230 3673 270 3728 Ρι
283 3698 317 3720 --
336 3675 395 3729 cod.
413 3674 564 3728 Parisinus
581 3681 646 3728 nou.
667 3689 725 3743 aeq.
744 3676 825 3727 1444
843 3690 865 3729 s.
885 3673 940 3727 XI.

230 3763 259 3818 R
285 3787 319 3810 =
338 3765 396 3818 cod.
414 3764 489 3817 Mus.
508 3763 582 3816 Brit.
600 3761 666 3832 Rep.
688 3761 753 3816 51)
777 3761 821 3816 VI
836 3779 857 3816 c.
877 3761 1036 3816 XI-XII.

230 3849 270 3905 P²
282 3875 317 3898 =
336 3852 394 3907 cod.
412 3852 565 3906 Parisinus
582 3854 661 3905 2715
678 3866 700 3905 ε.
719 3850 792 3908 XII.

156 4029 192 4083 10
212 4027 392 4096 Augustinus]
413 4026 582 4096 Augustinus
600 4026 629 4079 In
649 4025 757 4079 domino
778 4027 939 4080 salutemur
1031 4024 1061 4076 11
1084 4021 1266 4092 corruptibile,

111 4135 153 4174 m.
171 4121 189 4172 1
208 4131 278 4170 corr.
299 4115 467 4185 corruptibili
484 4115 522 4169 M
584 4117 616 4170 12
636 4117 781 4183 contegine
800 4113 837 4166 M
907 4111 1268 4182 constriugitur-depressu

113 4223 169 4260 om.
182 4203 221 4258 Μ
276 4203 310 4255 13
327 4201 427 4257 honere
445 4205 475 4270 (h
493 4204 574 4269 eruc.)
586 4200 625 4256 P²
643 4218 733 4270 onore,
752 4217 821 4260 corr.
842 4218 922 4255 onere
941 4199 980 4254 P²
997 4200 1099 4254 honore
1112 4199 1167 4253 ΕΑ
1186 4201 1231 4268 (m.
1246 4201 1266 4252 2

112 4292 232 4364 honere)
