3092 4959
537 344 803 414 epistularum
831 343 951 399 CXXIX.
1247 349 1287 412 37

132 544 214 605 runt
237 577 280 587 -
305 544 336 603 et
358 540 439 605 forte
463 541 606 605 lecerunt
628 540 731 623 ipsius
755 540 943 605 conlationis
967 541 1157 605 necessitate
1181 578 1224 587 -
1244 560 1290 605 ar-

136 646 244 711 chiuis
273 647 411 727 publicis
438 648 646 729 perscrutatis
679 647 818 711 inuenire
852 647 927 712 olim
961 666 1031 711 esse
1062 647 1184 711 linitam
1216 650 1290 731 post

135 752 357 817 ecclesiastica
388 753 516 831 iudicia,
554 754 670 835 quibus
703 753 871 819 absolutus
909 758 959 819 est
991 754 1200 830 Caecilianus,
1233 752 1288 818 illo

135 859 236 923 etiam
264 859 453 943 imperatore
481 860 651 938 iudicante,
681 860 718 923 ad
747 860 839 924 cuius
868 880 996 925 examen
1024 880 1089 924 rem
1123 863 1224 924 totam
1257 864 1289 923 et

95 966 241 1047 aprimo
272 967 424 1031 miserunt
452 971 482 1031 et
514 972 625 1050 postea
657 968 878 1050 perduxerunt.
910 968 955 1030 ibi
988 970 1158 1050 potuerunt
1190 966 1286 1031 etiam

135 1092 269 1138 oausam
287 1073 403 1139 Felicis
418 1076 647 1157 Aptuugensis,
668 1074 856 1139 ordinatoris
877 1074 1056 1151 Caeciliani,
1077 1093 1172 1156 quem
1190 1074 1287 1137 malo-

133 1199 209 1243 rum
243 1180 384 1245 omnium
416 1180 535 1245 iontem
567 1181 598 1245 iu
632 1182 765 1245 concilio
800 1200 857 1246 suo
894 1181 1043 1254 dixerant,
1077 1186 1287 1264 cognoscente

132 1286 269 1351 Aeliano
295 1289 483 1369 proconsule
507 1306 542 1351 er
564 1293 733 1371 praecepto
757 1287 900 1353 eiusdem
923 1288 1123 1371 imperatoris
1146 1288 1285 1352 inuenire

133 1400 315 1480 purgatam.

37 1508 59 1569 5
85 1523 110 1560 ιο
182 1501 382 1583 Quamquam
407 1507 439 1566 et
462 1502 521 1567 hoo
545 1502 573 1565 si
596 1500 806 1566 adtenderunt
824 1504 866 1578 et,
886 1501 970 1584 quod
989 1502 1081 1565 facile
1101 1503 1213 1578 iuerat,
1233 1501 1285 1564 ad-

132 1611 301 1673 uerterunt
336 1608 369 1671 in
407 1608 572 1690 scripturis
610 1608 728 1673 sanctis
767 1607 932 1673 ecelesiam
967 1607 1086 1673 Christi
1121 1608 1284 1690 permixtis

132 1716 266 1781 zizaniis
295 1720 327 1781 et
354 1718 445 1799 palea
472 1721 505 1782 et
532 1716 675 1799 piscibus
703 1715 797 1780 malis
824 1716 964 1780 futuram
994 1735 1064 1780 esse
1095 1713 1283 1798 promissam

130 1842 238 1906 usque
262 1824 299 1887 ad
323 1828 450 1906 tempus
473 1825 598 1903 messis,
622 1822 840 1888 uentilationis
864 1826 897 1886 et
922 1822 1037 1899 litoris,
1059 1822 1172 1903 utique
1200 1823 1284 1904 cogi-

129 1936 201 1995 tare
230 1935 410 2013 potuerunt,
439 1931 564 1995 etiamsi
596 1931 711 1995 malam
742 1948 871 1993 oausam
896 1928 1093 1994 Caecilianus
1121 1932 1154 1994 et
1180 1929 1282 2010 coepi·

84 2057 111 2096 rs
132 2037 225 2121 scopi
264 2038 332 2101 eius
364 2036 560 2111 habuissent,
593 2037 672 2101 nihil
704 2054 757 2101 eos
790 2036 1005 2119 praeiudicare
1038 2035 1182 2117 potuisse
1215 2034 1282 2098 orbi

130 2144 327 2221 Christiano,
351 2163 445 2226 quem
469 2145 547 2209 deus
570 2145 680 2226 paucis
705 2143 905 2208 credentibus
928 2146 1017 2208 tanto
1041 2147 1112 2205 ante
1136 2141 1283 2223 promisit

130 2256 163 2315 et
189 2270 273 2316 nunc
296 2251 406 2316 multis
425 2252 608 2316 uidentibus
626 2250 775 2327 reddidit,
789 2252 851 2313 nisi
866 2251 946 2315 forte
965 2250 1037 2332 plus
1057 2252 1165 2313 contra
1184 2250 1281 2312 eccle·

130 2359 215 2421 siam
240 2359 344 2422 ualuit
366 2358 461 2422 bomo
483 2376 615 2441 peccans
640 2375 733 2438 quarn
762 2376 817 2439 pro
846 2356 980 2421 ecclesia
1007 2356 1085 2419 deus
1112 2357 1219 2421 iurans
1250 2361 1282 2420 et

128 2465 297 2547 iniquitas,
331 2465 414 2548 quod
448 2465 565 2539 amisit,
599 2482 693 2546 quam
727 2465 857 2539 ueritas,
890 2462 973 2545 quod
1011 2463 1166 2543 promisit.
1204 2463 1280 2526 baec

82 2570 252 2636 assentire
276 2590 369 2652 quam
398 2571 441 2635 sit
467 2571 603 2635 stultum
632 2573 663 2635 et
689 2570 835 2651 impium,
862 2568 926 2634 ianr
954 2570 1090 2633 fortasse
1117 2566 1279 2641 uiderunt;

129 2679 356 2761 cogitauerunt
382 2696 507 2761 quoquc
539 2676 703 2741 damnatos
733 2696 751 2740 a
778 2696 812 2740 se
840 2675 1102 2750 llarimianistas,
1131 2674 1280 2737 Primiani

129 2785 343 2861 damnatores,
367 2804 422 2866 per
442 2787 618 2865 potestates
641 2786 780 2847 terrenas
804 2784 900 2847 etiam
925 2783 963 2846 de
988 2782 1128 2847 basilicis
1152 2800 1279 2847 curasse

128 2890 296 2973 pellendos
320 2894 352 2955 et
373 2890 419 2954 ibi
443 2890 560 2955 certius
584 2892 725 2971 exemplo
751 2910 809 2955 suo
829 2890 1000 2954 recentiore
1021 2890 1199 2954 didicerunt
1218 2908 1277 2954 nou

127 3016 202 3062 esse
226 3000 402 3079 peccatum,
422 2998 449 3061 si
472 2999 536 3061 tale
560 2996 677 3079 aliquid
703 2996 839 3061 ecclesia
862 3000 970 3061 contra
987 2997 1121 3061 rebelles
1145 3016 1220 3061 suos
1239 2998 1277 3059 ab

80 3121 107 3159 2⁵
126 3104 226 3169 huius
250 3103 337 3169 modi
355 3105 567 3185 potestatibus
587 3104 742 3187 postulat3
768 3106 801 3167 et
819 3105 905 3186 quod
922 3104 1046 3185 aliquos
1066 3124 1101 3166 ex
1121 3104 1277 3167 damnatis

125 3212 242 3293 postea
263 3214 458 3294 receperunt,
482 3230 561 3293 quos
591 3230 662 3275 eum
693 3210 885 3287 damnarent,
910 3211 980 3275 aliis
1008 3212 1104 3274 etiam
1132 3210 1277 3291 plurimis

125 3319 157 3381 in
185 3316 294 3381 eadem
318 3317 470 3381 societate
493 3317 676 3381 schismatis
701 3318 886 3381 constitutis
911 3317 1094 3381 dilationem
1114 3316 1276 3394 dederunt,

126 3442 210 3506 quos
243 3424 273 3487 in
304 3423 486 3487 Maximiani
520 3424 665 3506 sacrilegi
699 3424 818 3488 surculi
851 3423 1071 3488 communione
1101 3422 1277 3504 inpollutos

126 3530 286 3594 mansisse
310 3529 462 3607 dixerunt,
486 3534 519 3595 et
539 3530 736 3612 baptismum
760 3531 812 3593 uel
836 3550 853 3592 a
877 3529 1034 3593 damnatis
1062 3529 1114 3593 uel
1139 3549 1157 3592 a
1180 3530 1276 3593 sociis

78 3656 106 3697 so
125 3656 238 3703 eorum
271 3637 416 3719 quamuis
448 3637 524 3702 ioris
556 3638 587 3701 in
621 3636 794 3700 schismate
827 3635 936 3700 datum
967 3636 1144 3699 rescindere
1181 3639 1276 3717 atque

125 3745 241 3808 iterare
265 3762 325 3807 non
350 3744 419 3809 ausi
443 3748 527 3818 sunt,
554 3744 631 3808 satis
655 3744 766 3825 utique
790 3743 975 3806 iudicarunt
994 3762 1040 3817 ea,
1064 3762 1143 3825 quae
1169 3747 1276 3806 eontra

221 3986 250 4039 ll
272 3986 369 4039 llalth.
391 3986 432 4046 13,
452 3986 571 4050 24-30;
592 3988 616 4051 3,
638 3987 683 4050 12;
707 3988 748 4049 13,
768 3987 875 4039 47-48

161 4154 178 4208 3
204 4154 351 4217 absolutos,
376 4172 410 4208 m.
434 4158 449 4207 1
473 4171 541 4211 corr.
566 4120 705 4219 absolutis
729 4156 756 4209 P
846 4157 861 4209 6
890 4155 1082 4224 «aptugnensis
1109 4153 1176 4220 (fuit
1204 4156 1226 4219 s)
1249 4152 1277 4205 P

126 4243 160 4295 12
180 4242 286 4311 paleam
306 4246 341 4311 (m
362 4260 396 4297 m.
415 4248 431 4295 1
450 4244 513 4305 del.)
534 4244 561 4297 P
614 4244 646 4297 18
666 4261 713 4313 pro
735 4244 875 4315 ecclesiam
894 4244 921 4296 P
977 4244 1009 4295 19
1029 4242 1147 4294 arnruisit
1166 4241 1192 4292 P
