3092 4959
265 401 332 464 260
620 397 647 453 S.
675 398 814 454 Aureli
842 398 1064 469 Augustini

265 594 304 658 ad
333 595 450 672 deum'‚
480 614 575 677 quam
609 599 837 659 ‘reuertatur
866 596 909 659 ad
937 595 1067 668 deum',
1096 595 1124 660 si
1152 614 1326 678 numquam
1353 595 1409 660 illie

263 706 356 765 antea
374 701 507 784 spiritus
526 702 588 766 iste
609 702 710 766 fuisse
729 701 906 768 credendus
926 707 982 768 est.
1002 703 1090 780 item,
1106 722 1168 785 quo
1183 702 1278 767 modo
1299 703 1410 768 animae

264 811 376 891 sponte
404 808 554 873 labantur
580 808 612 873 in
641 827 767 891 eorpus,
797 829 869 874 eum
901 811 1055 892 seriptum
1090 810 1146 875 sit:
1180 809 1296 874 Dedit
1328 830 1409 886 eum,

262 935 324 980 non
347 918 413 980 tam
438 917 470 980 in
494 919 643 999 promptu
668 919 719 980 est
742 917 906 1000 explicare.
936 936 972 982 eo
996 937 1051 1001 per
1078 917 1149 998 hoo,
1174 920 1212 980 ut
1239 917 1315 992 diri,
1340 917 1409 980 duae

262 1022 344 1086 istae
369 1022 532 1105 opiniones
552 1024 613 1088 sub
637 1023 744 1087 uerbis
768 1023 865 1089 huius
890 1025 1066 1089 testimonii
1089 1023 1244 1102 laborant,
1264 1043 1338 1100 una,
1357 1041 1409 1106 qua
1432 1043 1441 1082 r

181 1115 187 1122 ’
262 1130 415 1210 putantur
438 1128 583 1212 singulae
607 1149 749 1212 quaeque
773 1130 896 1194 animae
920 1131 951 1195 in
976 1131 1045 1196 suis
1070 1130 1205 1215 singulis
1234 1131 1409 1214 corporibus

262 1233 341 1313 fieri,
370 1235 442 1308 alia,
472 1254 534 1318 qua
560 1241 713 1319 putantur
739 1237 770 1300 in
800 1255 930 1320 corpora
963 1239 1075 1318 sponte
1110 1237 1261 1322 demergi.
1296 1236 1409 1302 duabus

263 1344 370 1406 autem
398 1342 474 1419 illis,
504 1344 573 1407 siue
603 1343 641 1406 de
669 1344 801 1408 traduce
830 1343 918 1409 illius
947 1345 1043 1409 unius
1072 1334 1203 1408 ueniant
1230 1344 1301 1408 siue
1328 1349 1409 1408 antea

261 1449 326 1512 iam
359 1453 483 1513 oreatae
516 1452 549 1514 et
580 1449 663 1532 apud
696 1450 791 1515 deum
829 1450 1022 1515 constitutae
1060 1449 1195 1534 singulis
1234 1451 1408 1534 corporibus

263 1555 387 1633 dentur,
412 1557 479 1620 sine
503 1556 611 1621 labore
634 1557 733 1621 uerba
755 1557 819 1620 ista
843 1559 1040 1640 coaptantur.
1421 1575 1439 1614 o

197 1660 239 1720 10
308 1663 351 1726 Et
386 1666 503 1741 tamen,
542 1664 569 1727 si
606 1667 781 1744 assertores
819 1664 887 1728 eius
926 1664 1109 1740 sententiae,
1149 1683 1212 1746 qua
1248 1665 1407 1728 ereduntur

262 1769 385 1834 animae
413 1769 446 1833 in
475 1770 542 1834 suis
575 1769 712 1853 singulis
745 1770 932 1852 corporibus
965 1770 1043 1848 fieri,
1072 1770 1239 1834 adfirment
1270 1771 1316 1834 ita
1346 1787 1405 1834 esse

264 1875 385 1940 dietum
414 1875 452 1939 de
480 1875 606 1957 spiritu,
636 1876 690 1958 qui
717 1896 773 1959 pro
804 1877 908 1940 anima
936 1881 986 1940 est
1013 1877 1150 1958 positus,
1180 1877 1283 1941 ‘deus
1314 1875 1405 1939 dedit

263 1989 367 2061 eum',
391 2001 486 2065 quern
510 1983 550 2046 ad
573 1982 703 2047 modum
727 1986 813 2047 reete
833 1983 949 2048 dieitur
969 1983 1094 2048 dedisse
1117 1984 1211 2048 nobis
1235 1983 1344 2049 oeulos
1362 1981 1404 2046 uel

263 2108 356 2153 aures
387 2090 441 2154 uel
473 2108 587 2154 manus
615 2091 668 2155 uel
696 2090 862 2173 quodlibet
889 2089 986 2165 aliud,
1017 2109 1097 2172 quae
1129 2090 1272 2155 membra
1304 2089 1436 2170 utiqueu
1536 2173 1537 2180 ἵ

262 2215 323 2260 noo
352 2199 438 2260 extra
466 2196 530 2261 iam
553 2197 670 2260 iecerat
693 2201 725 2261 et
748 2196 866 2261 alieubi
894 2197 1034 2279 reposita
1061 2196 1209 2276 habebat,
1233 2216 1314 2279 quae
1340 2214 1400 2259 cnm

263 2322 344 2384 opus
379 2307 496 2380 essent,
525 2303 622 2382 daret,
651 2303 711 2368 hoo
739 2307 791 2368 est
817 2302 947 2368 adderet
975 2307 1007 2366 et
1035 2304 1231 2387 adiungeret,
1266 2303 1320 2368 sed
1345 2301 1400 2365 illie

264 2430 300 2474 ea
318 2409 395 2475 feeit
411 2411 443 2475 in
464 2429 604 2492 corpore,
620 2411 671 2474 oui
691 2410 818 2474 dedisse
835 2410 893 2474 illa
912 2410 1038 2488 dieitur,
1055 2411 1130 2493 quid
1146 2412 1174 2475 ei
1189 2411 1400 2492 respondeatur

263 2537 324 2581 non
347 2517 452 2583 uideo.
472 2517 535 2581 uisi
558 2519 638 2582 torte
663 2518 726 2581 alia
747 2517 801 2580 uel
825 2517 1009 2581 testimonia
1032 2518 1232 2599 proferantur
1255 2517 1307 2580 uel
1328 2518 1399 2580 oerta

262 2625 355 2702 ratio,
387 2623 471 2688 unde
502 2625 566 2688 ista
597 2624 703 2707 opinio
736 2624 907 2688 refellatur.
941 2624 1082 2706 itemque
1113 2625 1172 2695 ilii,
1212 2626 1266 2708 qui
1302 2623 1433 2706 putante

264 2732 384 2796 animes
407 2732 440 2796 in
466 2751 597 2814 corpora
615 2735 729 2814 sponte
754 2731 900 2810 defluere,
921 2733 968 2797 sie
990 2733 1149 2815 aoeipiuut
1168 2732 1291 2796 dictum
1313 2732 1399 2794 ‘deus

264 2838 369 2902 dedit
392 2847 495 2915 eum,
516 2859 577 2921 quo
598 2839 692 2905 modo
717 2839 838 2903 dictum
864 2843 927 2903 est:
953 2839 1127 2903 Tradidit
1149 2839 1240 2903 illos
1266 2839 1351 2903 deus
1371 2835 1399 2898 ir

353 3103 387 3154 22
405 3103 483 3156 Rern.
504 3105 527 3168 1,
547 3103 581 3156 24

299 3244 316 3296 2
335 3248 399 3296 ante
417 3242 445 3296 P
534 3243 697 3305 illibenter,
717 3259 786 3298 corr.
806 3243 934 3297 labantur
952 3242 985 3296 K
1057 3259 1192 3312 emporus,
1211 3259 1245 3296 m.
1266 3247 1400 3308 2=eerpon

264 3331 301 3384 M
318 3331 477 3400 corporeo
566 3335 660 3386 4tarir
679 3335 724 3398 (a
743 3336 827 3397 eras.)
846 3329 883 3383 M
966 3337 1093 3401 promptu
1112 3331 1171 3385 PH
1257 3331 1298 3399 ac]
1317 3323 1400 3381 lraad

300 3419 764 3486 dixi(rexeorr.m.utuid.1)
788 3418 814 3472 G
922 3419 1106 3488 topiniones
1130 3418 1238 3486 (prima
1257 3417 1275 3472 1.
1295 3427 1401 3472 excom

263 3527 296 3564 m.
317 3513 346 3575 2)
365 3508 402 3561 M
449 3511 465 3563 6
485 3509 600 3577 singulis
620 3509 675 3561 suis
695 3509 755 3562 edd.
807 3509 822 3560 7
842 3508 911 3576 fieri]
932 3509 1004 3560 lieri·
1019 3506 1142 3576 singulae
1161 3505 1199 3559 M
1215 3507 1273 3560 fieri
1292 3503 1403 3574 singulae

262 3600 290 3653 Δ
361 3599 390 3652 in
409 3615 519 3667 corpore
538 3601 635 3666 sponte
654 3597 688 3650 H
703 3599 731 3650 in
751 3613 863 3667 corpore
882 3600 979 3667 sponte
998 3599 1027 3650 in
1047 3611 1158 3665 corpore
1183 3599 1239 3664 (pr.
1259 3596 1287 3648 in
1308 3605 1404 3662 corpore

263 3689 326 3755 dei.)
347 3688 374 3742 θ
464 3689 557 3740 8siue
577 3693 659 3741 antea
678 3704 728 3740 om.
748 3687 777 3740 P
860 3687 1004 3741 ilereatae
1025 3691 1081 3755 (p-r.
1101 3702 1116 3739 e
1135 3702 1168 3738 eor
1186 3701 1257 3739 corr.
1277 3701 1310 3741 m.
1330 3677 1406 3746 2)M

299 3779 379 3832 denrn
398 3777 448 3838 bra,
469 3777 587 3830 alterum
604 3794 638 3829 m.
659 3780 673 3828 1
692 3776 744 3830 del.
762 3775 789 3830 G
843 3776 1008 3838 constituae,
1027 3779 1092 3828 m.1
1111 3789 1180 3830 corr.
1200 3773 1364 3827 constitutae
1376 3767 1408 3823 Μ

267 3868 299 3920 12
319 3866 483 3920 affirmentlll
503 3870 610 3933 (parua
624 3868 692 3932 roe.)
706 3865 745 3917 Μ
780 3865 812 3919 13
832 3869 874 3918 est
893 3864 1049 3934 propositus
1063 3863 1091 3916 P
1107 3871 1167 3933 (pro
1186 3868 1270 3928 eruo.)
1285 3853 1405 3914 Hm

263 3959 321 4024 (pro
340 3958 422 4020 eras.)
440 3953 474 4006 K
489 3954 594 4022 positus
614 3958 656 4005 eet
674 3952 735 4006 edd.
842 3954 874 4008 15
894 3952 939 4006 uel
959 3957 1025 4006 ante
1043 3967 1139 4006 manus
1159 3967 1210 4004 om.
1231 3950 1259 4003 P
1348 3963 1408 4018 qno·

262 4044 333 4098 libet
351 4043 385 4096 K
474 4044 507 4096 16
526 4043 592 4111 iam]
612 4043 668 4095 ima
686 4045 712 4094 A
806 4043 837 4095 17
858 4046 931 4096 esset
953 4041 978 4096 G
998 4041 1057 4094 edd.
1131 4039 1230 4094 darent
1247 4039 1285 4093 M
1301 4043 1328 4106 (n
1346 4039 1409 4090 nni

263 4132 383 4202 capit*
462 4131 615 4186 etom.P¹
691 4131 725 4184 18
745 4130 830 4184 eisO
900 4133 934 4186 19
953 4131 1028 4186 niG
1109 4125 1409 4198 solralia‚m.2iorte

262 4223 332 4277 talia
349 4223 388 4275 M
404 4220 459 4275 fors
478 4221 533 4275 alia
552 4222 579 4274 A
633 4220 667 4273 20
686 4218 837 4283 refallatur,
856 4237 890 4273 m.
905 4224 920 4273 1
938 4219 976 4289 (?)
995 4235 1064 4274 corr.
1083 4218 1224 4272 refellatur
1243 4215 1280 4270 M
1349 4216 1409 4268 item

263 4319 326 4381 (om.
346 4314 409 4380 que)
428 4312 456 4364 A
511 4308 543 4361 21
565 4309 648 4363 fluere
667 4308 694 4361 P
